1862 2676
734 120 962 157 ...65-

156 234 298 273 ticulae
335 232 496 283 quippe
527 231 622 271 falso
652 233 796 272 definit.
827 234 908 272 Iam
939 245 1006 272 cur
1037 233 1177 272 herbas
1207 232 1255 273 ad
1285 231 1427 272 fossam
1462 231 1548 272 lena

159 307 322 351 moveat,
348 301 386 341 id
413 300 565 351 quidem
594 313 689 351 quae
715 305 776 340 est
810 301 1023 341 obscuritas
1053 303 1110 341 rei
1140 303 1309 350 magicae
1341 305 1447 341 certe
1473 301 1548 340 dici

155 382 229 408 non
248 373 387 419 potest.
410 369 467 408 Ac
488 374 746 408 memorantur
777 369 928 418 quidem
960 370 1114 408 scrobes
1139 370 1281 408 idcirco
1307 370 1484 418 effossae,
1506 372 1550 407 ut

162 440 313 488 sanguis
343 437 615 488 infunderetur,
642 443 687 478 ut
711 439 784 477 iam
811 438 911 488 apud
936 438 1145 477 Homerum
1169 437 1256 487 (Od.
1282 438 1366 487 XL,
1391 440 1457 478 35.
1481 437 1551 486 ss.)

163 507 290 546 Ulixes
310 518 395 545 cum
416 506 549 545 Manes
569 511 628 545 est
648 499 883 544 excitaturus
910 507 1131 554 sanguinem
1158 507 1197 543 in
1222 507 1362 544 fossam
1382 506 1548 544 infundit

160 579 199 613 et
223 575 323 623 apud
344 574 521 613 Ovidium
547 575 718 623 (Metam.
743 574 829 622 VII,
854 574 952 623 245)
976 574 1115 613 Medea
1140 585 1224 613 cum
1251 574 1392 612 Aesoni
1417 575 1547 613 iuven-

160 646 282 681 tutem
317 647 427 692 parat
457 643 630 692 reddere,
655 664 707 670 —
728 642 876 691 patulas
905 642 1099 692 perfundit
1131 643 1311 691 sanguine
1342 641 1476 690 fossas,
1509 646 1549 681 et

157 712 257 760 apud
287 712 487 751 Horatium
515 711 604 761 (Sat.
631 711 663 760 I,
694 712 732 759 8,
761 711 845 759 28.)
877 710 1034 750 Canidia
1066 714 1106 750 et
1126 711 1275 760 Sagana
1304 722 1478 749 cruorem
1508 711 1548 749 in

159 779 298 818 fossam
320 780 565 828 confundunt,
588 784 631 818 ut
651 779 739 817 inde
760 779 894 818 Manes
916 778 1090 818 eliciant:
1120 779 1187 817 sed
1208 785 1335 818 tamen
1355 790 1424 817 nec
1445 779 1549 818 solus

159 859 309 898 semper
330 849 481 898 sanguis
506 849 546 887 in
571 848 726 887 scrobes
751 847 960 886 instillatur
988 858 1111 896 neque
1132 858 1262 885 earum
1288 847 1350 885 hic
1370 859 1469 898 unus
1490 851 1551 886 est

158 928 260 956 usus.
288 917 385 955 Nam
413 917 544 956 Ulixes
570 929 615 955 eo
642 928 754 966 quem
784 907 980 955 attulimus
1005 916 1100 964 loco,
1135 916 1359 964 priusquam
1387 927 1429 954 se
1460 926 1551 953 oves

162 989 293 1024 narrat
314 988 512 1034 mactasse,

305 1098 400 1153 ἀμφ’
422 1096 522 1152 αὐτῷ
543 1101 595 1150 δὲ,
617 1102 752 1150 inquit,
775 1099 857 1151 χσήν
878 1097 1011 1151 χεόμην
1031 1099 1145 1139 πᾶσιν
1165 1098 1369 1150 νεκύεσσιν,

303 1177 432 1230 πρῶτα
453 1174 672 1229 μελικρήτῳ,
695 1174 895 1228 μετέπειτα.
914 1177 953 1216 δὲ
971 1175 1054 1226 ’ἡδέϊ
1069 1177 1160 1228 οἴνῳ,

303 1254 345 1294 τὸ
366 1256 483 1307 τρίτον
503 1245 583 1293 αὖῗὲ
608 1251 715 1293 ὕδατι
729 1251 813 1294 ,ἐπὶ
834 1251 1011 1306 δ’ἄλφιτα
1030 1250 1150 1293 λευκοὶ
1171 1251 1351 1304 πάλυνονς

161 1373 300 1413 Medea
323 1372 506 1412 Ovidiana
526 1373 706 1421 sanguine
727 1372 866 1411 effuso:

307 1482 401 1520 Tum
424 1493 538 1530 super
558 1464 759 1531 invergens
779 1482 913 1531 liquidi
940 1482 1136 1520 carchesia
1157 1481 1299 1521 Bacchi

306 1550 509 1598 Aeneaque
530 1550 728 1598 invergens
747 1550 866 1598 tepidi
887 1549 1082 1588 carchesia
1101 1549 1212 1588 lactis

308 1617 437 1655 Verba
456 1617 568 1655 simul
588 1616 721 1655 fundit.

163 1731 215 1769 At
226 1730 446 1780 Vergiliana
455 1730 620 1770 venefica
631 1731 841 1781 (Ecl.VIII,
851 1733 918 1770 90.
927 1732 974 1780 s.)
985 1742 1069 1769 cum
1084 1731 1294 1780 Daphnidis
1305 1733 1466 1782 pignora
1476 1738 1553 1774 ter-

162 1811 228 1838 rae
240 1799 403 1848 mandat,
416 1800 516 1839 haud
528 1800 641 1838 dubie
653 1800 700 1838 ab
713 1800 749 1838 id
763 1800 884 1849 ipsum
897 1801 1066 1839 scrobem
1077 1799 1220 1848 effodit,
1237 1800 1276 1838 in
1292 1801 1411 1840 satira
1423 1802 1550 1842 Hora-

162 1868 267 1906 tiana
288 1869 376 1912 (vss.
397 1870 465 1906 42.
485 1870 531 1914 s.)
551 1879 682 1917 magae
704 1868 782 1917 lupi
803 1868 959 1907 barbam
980 1868 1110 1906 variae
1132 1879 1216 1906 cum
1237 1868 1349 1907 dente
1371 1870 1549 1910 colubrae

161 1935 294 1975 furtim
313 1936 429 1974 terris
449 1936 611 1981 abdunt;
635 1937 736 1985 apud
756 1937 916 1975 eundem
937 1936 1140 1975 Horatium
1161 1936 1295 1986 (Epod.
1317 1936 1367 1984 V,
1392 1939 1458 1976 29.
1482 1939 1550 1987 ss.)

163 2003 261 2042 Veia
283 1992 443 2042 ‘humum
474 2004 660 2053 exhaurit,
695 2009 738 2043 ut
762 2005 885 2054 possit
915 2004 1081 2043 infossus
1106 2016 1201 2054 puer
1229 2004 1354 2043 inedia
1383 2007 1549 2046 enecari.

138 2116 142 2120 ⁴
164 2072 261 2120 Quid
281 2072 399 2121 igitur
420 2076 490 2116 est,
513 2084 583 2110 cur
604 2084 677 2111 non
702 2072 842 2111 herbae
870 2085 1021 2122 quoque
1046 2074 1084 2111 in
1110 2072 1244 2111 scrobe
1271 2072 1495 2122 condantur,
1518 2075 1551 2113 si

164 2139 257 2178 illud
283 2141 472 2178 moverit
501 2140 553 2178 ad
584 2139 750 2179 fossam
778 2140 906 2179 eadem
929 2141 965 2178 vi
992 2152 1067 2189 qua
1092 2140 1324 2180 abdiderit
1353 2141 1396 2179 in
1429 2141 1553 2182 fossa

163 2207 356 2256 accipias?
388 2210 461 2256 At,
499 2208 531 2246 si
559 2220 690 2265 verum
722 2209 960 2258 quaerimus,
993 2209 1182 2247 collocare
1212 2208 1350 2248 herbas
1381 2209 1420 2248 in
1451 2209 1553 2250 fossa

165 2276 347 2315 Acanthis
369 2288 551 2325 nusquam
574 2276 725 2326 dicitur,
743 2277 811 2316 sed
832 2288 981 2333 movere
1002 2278 1027 2316 i.
1047 2289 1080 2316 e.
1094 2289 1247 2316 versare
1267 2278 1314 2316 ad
1335 2276 1457 2317 fossas
1472 2280 1497 2319 i.
1516 2291 1548 2318 e.

163 2344 264 2394 apud
290 2343 431 2392 fossas,
466 2345 519 2383 sic
551 2340 675 2383 autem
708 2345 800 2384 nihil
828 2344 1061 2394 significatur
1091 2347 1162 2384 nisi
1189 2346 1283 2384 hoc:
1317 2347 1374 2385 uti
1405 2359 1487 2386 eam
1513 2352 1552 2386 et

162 2413 293 2451 herbis
324 2416 364 2451 et
392 2411 518 2461 fossis,
557 2425 714 2462 quarum
746 2414 905 2452 duarum
935 2425 1065 2452 rerum
1095 2415 1132 2452 in
1164 2413 1356 2453 veneficiis
1387 2416 1551 2453 omnium

164 2481 418 2520 creberrimus
454 2484 526 2519 est-
547 2493 652 2521 usus.
689 2481 824 2521 Paene
847 2493 942 2520 vero>
977 2483 1178 2521 ridiculum
1215 2487 1274 2522 est
1311 2484 1347 2521 in
1384 2484 1553 2523 stantia
