1862 2676
891 71 1123 108 -82-

300 188 450 237 pertius
470 187 690 227 inchoatum
711 187 912 236 abiecerit,
932 186 1037 236 quod
1056 196 1193 235 poema
1211 197 1336 236 neque
1355 186 1404 225 ab
1423 186 1503 226 alio
1518 196 1710 235 quoquam

300 266 423 306 neque
443 266 604 305 usquam
625 254 674 294 ab
694 254 780 304 ipso
795 254 1004 304 Propertio
1024 256 1275 304 memoratur,
1295 254 1337 294 id
1355 252 1531 304 profecto
1550 264 1712 304 prorsus

301 326 361 362 est
379 322 576 361 hariolari.
609 322 709 361 Nam
732 322 837 372 quod
857 322 922 360 ille
942 321 1074 373 11‚10.
1097 321 1248 370 epicum
1267 333 1312 360 se
1330 322 1387 361 ait
1406 332 1544 371 poema
1562 332 1711 371 compo-

301 389 483 439 siturum,
515 389 556 429 id
587 400 662 429 non
693 389 855 430 maioris
875 389 1059 429 momenti
1082 391 1159 439 est,
1192 399 1306 439 quam
1329 389 1433 440 quod
1452 388 1553 429 idem
1574 388 1646 438 III,
1671 391 1709 438 5,

302 459 368 496 25.
394 468 447 496 ss.
1591 469 1594 473 ·

417 563 516 603 Tum
537 563 631 602 mihi
652 567 814 603 naturae
835 563 957 603 libeat
977 563 1198 614 perdiscere
1218 574 1376 614 morem,

478 630 571 679 Quis
592 631 690 670 deus
709 631 807 670 hanc
828 631 961 670 mundi
982 634 1174 680 temperet
1193 634 1276 670 arte
1297 630 1449 669 domum
1471 635 1561 670 cett.

298 737 506 784 grandiore
519 748 560 776 se
575 740 704 776 aetate
721 737 893 786 physicis
916 741 956 776 et
975 737 1245 786 philosophiae
1266 748 1421 786 operam
1442 738 1621 776 daturum
1642 736 1709 775 de-

298 803 436 853 clarat,
458 804 560 843 unde
582 815 657 843 non
679 803 792 843 facile
814 804 1017 854 quisquam
1039 803 1221 844 coniiciat
1244 815 1330 843 eum
1347 806 1529 853 tanquam
1545 804 1710 843 alterum

297 871 525 911 Lucretium
545 872 661 911 etiam
684 872 733 911 de
756 876 894 912 natura
914 883 1046 911 rerum
1067 872 1284 921 scripsisse.

386 940 444 979 Ac
473 951 635 990 prorsus
666 938 814 980 frustra
839 943 1004 989 negatur
1028 951 1142 980 nunc
1168 943 1209 980 et
1228 940 1314 979 iam
1340 939 1379 978 in
1403 938 1633 979 carminibus
1653 915 1709 979 ita

295 1007 390 1056 dici,
422 1011 468 1046 ut
498 1019 573 1046 non
604 1007 645 1046 id
677 1019 789 1047 omne
814 1011 968 1057 tempus
994 1009 1033 1046 in
1055 1008 1154 1056 quod
1177 1019 1332 1046 carmen
1354 1008 1499 1046 incidat
1519 1008 1706 1056 complec-

294 1078 445 1122 tantur,
478 1075 547 1114 sed
578 1076 832 1125 posteriorem
863 1076 947 1114 eius
977 1076 1163 1124 temporis
1183 1078 1336 1124 partem
1355 1075 1478 1124 priori
1500 1080 1705 1124 opponant.

295 1140 408 1189 Quod
429 1144 505 1182 etsi
528 1143 649 1181 multo
669 1142 715 1181 fit
735 1144 877 1191 rarius,
904 1147 1034 1182 tamen
1057 1155 1124 1181 cur
1144 1144 1199 1181 ita
1218 1142 1286 1181 fiat
1308 1155 1382 1181 non
1405 1143 1610 1181 obscurum
1631 1146 1704 1182 est.

294 1209 528 1259 Plerumque
560 1210 671 1248 enim'
691 1210 804 1258 lyrici
835 1212 973 1258 poetae
1001 1209 1076 1247 nisi
1097 1209 1190 1258 quid
1211 1208 1355 1248 factum
1376 1209 1428 1247 sit
1448 1213 1608 1248 narrant
1628 1220 1705 1248 uno

296 1280 430 1316 tenore
457 1277 549 1326 quid
574 1278 626 1316 sit
651 1280 720 1316 aut
745 1277 838 1326 quid
858 1277 1025 1316 sentiant
1046 1281 1257 1326 exponunt,
1291 1280 1334 1315 ut
1354 1277 1430 1315 illis
1451 1267 1651 1325 particulis
1672 1278 1705 1315 si

293 1346 457 1383 utuntur
475 1344 516 1383 id
538 1355 612 1393 quo
633 1344 767 1383 dicunt
787 1348 940 1393 tempus
961 1356 984 1383 a
1005 1345 1206 1393 superiore
1227 1344 1353 1393 aliquo
1376 1343 1605 1393 disiungant.
1627 1344 1705 1384 Ubi

293 1415 422 1451 autem
453 1413 509 1451 ita
539 1413 710 1451 carmina
741 1413 966 1461 instituunt,
999 1417 1042 1451 ut
1068 1413 1157 1451 dum
1184 1412 1316 1451 dicunt
1336 1411 1404 1451 fiat
1424 1412 1568 1461 aliquid
1588 1409 1704 1461 atque

293 1483 434 1529 agatur
453 1483 570 1528 atque
590 1479 638 1518 ad
659 1480 698 1518 id
721 1480 825 1528 quod
845 1480 975 1528 agitur
994 1470 1113 1518 verba
1130 1483 1168 1517 et
1180 1479 1390 1517 sententias
1401 1479 1701 1528 accommodant,

292 1547 346 1586 ibi
368 1551 408 1586 et
427 1559 610 1596 praesens
631 1551 784 1597 tempus
804 1547 911 1586 verbi
934 1550 974 1586 et
989 1547 1055 1586 illa
1070 1547 1255 1586 adverbia
1270 1547 1318 1585 ad
1335 1546 1515 1595 proxima
1531 1557 1703 1596 quaeque

292 1614 471 1653 referunt
491 1626 611 1663 eaque
632 1615 681 1653 iis
705 1626 802 1664 quae
824 1616 862 1652 in
884 1615 1021 1653 iisdem
1043 1614 1280 1652 carminibus
1302 1614 1411 1662 prius
1426 1617 1512 1651 acta
1527 1614 1588 1652 vel
1600 1614 1705 1653 dicta

293 1684 383 1721 sunt
401 1686 612 1732 opponunt.
652 1681 773 1721 Cuius
796 1682 853 1721 rei
874 1682 908 1721 si
928 1682 1030 1732 apud
1051 1681 1296 1731 Propertium
1318 1680 1392 1721 alia
1414 1680 1555 1721 desunt
1569 1687 1704 1721 ‘exem-

291 1750 369 1799 pla,
391 1761 508 1789 causa
528 1751 566 1788 in
588 1750 661 1789 hoc
682 1751 769 1798 ipso
791 1754 852 1788 est
872 1751 1018 1798 posita,
1054 1750 1156 1798 quod
1177 1760 1250 1787 non
1272 1750 1393 1787 multa
1414 1749 1598 1788 eiusmodi
1618 1761 1702 1788 car-

289 1820 392 1860 mina
411 1820 541 1860 habet.
578 1820 631 1859 At
651 1819 816 1859 Ovidius
839 1820 972 1859 Amor.
996 1819 1070 1869 III,
1095 1821 1135 1868 2,
1159 1820 1228 1858 43.

369 1926 445 1966 Sed
465 1928 550 1966 iam
570 1938 711 1977 pompa
733 1927 849 1976 venit,
871 1926 1009 1976 inquit,
1031 1925 1173 1975 linguis
1194 1925 1403 1974 animisque
1425 1924 1552 1964 favete
1567 1947 1618 1954 —

291 2028 333 2063 ut
353 2025 429 2063 hoc
450 2025 574 2073 ipsum
597 2029 831 2063 momentum
854 2023 1045 2072 temporis
1067 2024 1103 2061 ei
1123 2024 1286 2072 tempori
1308 2027 1487 2073 opponat,
1511 2035 1585 2072 quo
1603 2034 1644 2062 se
1660 2024 1699 2061 in

291 2092 615 2131 eodem'carmine
636 2091 730 2131 facit
750 2092 904 2131 initium
928 2090 1106 2129 ludorum
1129 2094 1429 2139 exspectantem,
1458 2094 1572 2147 atque
1593 2090 1698 2129 aliud

290 2169 427 2197 rursus
447 2160 719 2208 posteriusque
739 2163 892 2220 ternpus
914 2158 1155 2196 demonstrat
1174 2169 1250 2197 VSS.
1276 2160 1342 2197 63.
1367 2170 1397 2197 s.

467 2255 637 2294 Maxima
657 2256 743 2294 iam
763 2266 884 2293 vacuo
905 2254 1069 2293 Praetor
1082 2255 1310 2303 ,spectaculo
1334 2254 1447 2294 Circo

526 2322 783 2373 Quadriiugos
803 2333 924 2372 aequo
946 2334 1102 2362 carcere
1124 2323 1228 2362 misit
1250 2334 1367 2372 equos
1382 2344 1434 2351 -

288 2432 501 2471 rursusque
522 2420 625 2460 aliud
647 2433 723 2460 vss.
750 2423 816 2460 77.
842 2432 895 2459 ss.
