1862 2676
856 33 1140 101 ¹—50—

329 179 463 227 quovis
489 179 611 218 lexico
636 178 747 218 facile
774 181 975 228 petantur3
1009 178 1056 218 de
1088 190 1157 218 sua
1187 183 1315 219 autem
1344 179 1465 229 ipsius
1496 179 1726 233 divinatione

282 258 283 262 ¹
328 259 416 285 cum
436 247 612 297 loquatur
629 243 876 298 horoscopus,
891 260 937 287 eo
958 248 1154 298 aptissime
1172 248 1473 288 demonstrativo
1489 249 1613 288 utitur
1627 248 1727 299 quod
1784 254 1790 258 “

328 315 470 364 primae
500 327 688 366 personae
720 317 882 355 maxime
915 317 1114 367 proprium
1140 322 1210 355 est.
1243 317 1302 356 Ad
1326 316 1567 356 Calchantem
1597 321 1725 357 autem

327 384 422 422 bene
444 385 651 424 tenendum
673 389 732 424 est
753 385 827 424 duo
848 389 979 424 vatum
996 396 1078 424 esse
1104 384 1241 433 officia,
1258 397 1333 424 nou
1353 385 1473 424 solum
1491 397 1586 435 quae
1597 384 1726 425 futura

326 452 401 490 sint
422 453 659 503 praedicere,
682 457 740 493 set
759 454 873 492 etiam
897 465 943 492 ex
963 452 1178 492 futurarum
1194 465 1325 493 rerum
1342 454 1498 493 scientia
1516 454 1607 503 quid
1625 453 1723 502 fieri,

326 521 417 569 quid
437 533 512 560 non
533 527 712 571 oporteat
733 534 900 561 monere.
926 521 1023 560 Illud
1045 522 1255 570 praestitit;
1279 534 1376 571 quae
1397 523 1496 561 enim
1520 522 1565 562 de
1587 522 1722 562 Troiae

324 590 485 628 interitu
506 590 749 640 praedixerat
771 593 1006 638 eveneruut;
1032 590 1147 629 alteri
1174 589 1296 629 defuit
1321 590 1458 641 officio,
1486 603 1570 630 cum
1598 591 1644 630 de
1665 592 1722 629 in-

324 658 427 697 felici
457 659 584 697 reditu
616 658 850 698 Graecorum
883 658 977 696 nihil
1007 663 1202 708 moneret,
1236 659 1301 697 sed
1333 660 1382 698 iis
1413 671 1508 709 quae
1534 659 1581 698 de
1607 660 1722 699 Troia

323 728 610 775 vaticinaretur,
642 730 684 765 ut
710 727 1047 776 proficiscerentur
1076 731 1192 775 atque
1224 739 1269 765 ex
1295 739 1432 775 magna
1456 731 1565 777 parte
1591 731 1722 776 postea

323 796 525 833 interirent
550 798 685 833 auctor
711 795 906 833 existeret.
940 796 1065 843 Atque
1091 794 1163 833 hoc
1188 795 1315 844 ipsum
1340 795 1403 834 hic
1429 799 1596 834 notatur.
1624 795 1721 834 Nam

322 864 419 901 bene
442 863 643 902 haerentes
670 866 774 901 rates
806 863 901 909 male
928 862 1043 900 solvit
1067 874 1111 901 ac
1136 863 1337 911 navigandi
1358 862 1465 901 dedit
1489 862 1719 913 facultatem,

323 932 396 971 etsi
417 931 464 970 ab
487 943 533 971 ea
552 931 791 981 navigatione
823 931 981 981 plurimi
1002 943 1076 970 non
1097 936 1207 970 erant
1226 932 1402 971 redituri.
1435 931 1577 971 Merito
1603 932 1722 981 igitur

322 1002 402 1038 eius
430 1000 601 1048 exemplo
628 1000 801 1046 docetur,
834 1011 909 1037 non
936 1000 1087 1046 quidem
1114 999 1208 1037 falsa
1235 1011 1317 1038 esse
1343 1011 1440 1048 quae
1467 1000 1552 1038 aliis
1579 1001 1721 1039 divina-

320 1069 434 1106 tionis
456 1067 658 1116 generibus
680 1066 964 1116 praedicantur,
988 1071 1029 1105 at
1048 1079 1183 1116 parum
1210 1079 1255 1105 ea
1275 1067 1321 1105 ad
1344 1068 1602 1116 impendentia
1621 1068 1720 1115 mala

321 1137 475 1174 vitanda
495 1136 633 1174 valere.
659 1135 703 1173 Id
725 1123 854 1173 autem
876 1135 949 1172 hoc
970 1135 1054 1173 loco
1075 1136 1241 1172 maxime
1262 1135 1310 1172 ad
1331 1146 1413 1173 rem
1429 1136 1609 1183 pertinet,
1633 1146 1717 1173 cum

320 1204 557 1251 horoscopus
578 1214 652 1241 non
676 1203 787 1241 modo
820 1202 910 1250 quid
938 1206 1161 1239 eventurum
1189 1202 1239 1239 sit
1265 1202 1427 1250 aperiat,
1460 1202 1528 1239 sed
1554 1202 1718 1250 primum

319 1272 485 1309 omnium
507 1274 549 1308 ut
569 1271 653 1308 aliis
674 1270 800 1307 missis
823 1269 953 1317 elegos
975 1272 1090 1317 atque
1121 1269 1309 1307 amatoria
1330 1269 1499 1307 carmina
1520 1273 1718 1318 componat

317 1339 561 1388 Propertium
583 1338 824 1377 adhortetur.
859 1337 939 1376 Nec
970 1348 1061 1376 vero
1088 1344 1154 1376 aut
1181 1337 1326 1376 solatur
1347 1337 1500 1376 Troiam
1521 1340 1587 1375 aut
1609 1338 1717 1376 Aiaci

316 1408 455 1455 illudit,
478 1407 544 1445 sed
566 1418 635 1455 per
656 1405 930 1455 apostropham
953 1405 1042 1454 quid
1063 1404 1205 1444 factum
1229 1406 1280 1444 sit
1301 1409 1444 1443 narrat.
1468 1404 1572 1452 Quae
1593 1405 1717 1454 figura

316 1476 387 1515 etsi
410 1475 529 1514 multo
552 1470 706 1523 saepius
728 1473 775 1512 de
796 1473 1027 1511 instantibus
1043 1473 1158 1511 rebus
1178 1473 1393 1522 adhibetur,
1411 1484 1569 1521 prorsus
1590 1477 1716 1512 tamen

315 1544 493 1582 similiter
514 1543 560 1581 de
581 1554 624 1580 re
646 1542 855 1591 praeterita
876 1545 1086 1590 usurpatur
1105 1541 1176 1590 ΙΙΙ,
1202 1543 1240 1589 7,
1268 1543 1332 1579 17.
1357 1553 1387 1579 s.

432 1660 550 1698 Paete
571 1660 660 1709 quid
684 1663 850 1697 aetatem
871 1670 1060 1706 numeras,
1084 1658 1174 1706 quid
1198 1669 1286 1696 cara
1307 1659 1451 1697 natanti

489 1729 618 1767 Mater
639 1728 677 1766 in
701 1739 766 1766 ore
787 1727 856 1765 tibi
879 1727 1031 1766 est?—

313 1857 384 1895 nisi
406 1856 507 1906 quod
529 1855 591 1894 hic
613 1866 684 1904 pro
706 1854 934 1903 imperativo
956 1853 1209 1901 interrogatio
1231 1856 1301 1892 est.
1320 1875 1375 1881 -—
1399 1852 1535 1891 Restat
1556 1852 1713 1892 ultimus

312 1926 424 1963 huius
446 1925 588 1973 elegiae
619 1924 728 1962 locus
751 1935 859 1971 quem
881 1927 1005 1961 tentat
1030 1922 1345 1969 Luettiohannes,
1374 1921 1458 1960 dieo
1480 1933 1534 1960 vs.
1563 1924 1655 1960 141.
1679 1933 1709 1959 s.

426 2042 479 2080 Et
501 2042 596 2080 bene
618 2053 705 2080 cum
725 2034 840 2081 fixum
862 2044 991 2079 mento
1014 2039 1242 2079 discusseris
1262 2051 1399 2077 uncum

486 2110 552 2148 Nil
575 2110 650 2147 erit
671 2110 767 2148 hoc:
792 2112 919 2147 rostro
941 2112 979 2146 te
1001 2112 1152 2157 premet
1173 2118 1266 2145 ansa
1287 2118 1367 2145 suo.
1383 2129 1438 2135 -—

308 2248 403 2286 quos
424 2237 486 2274 ille
508 2241 596 2284 post
612 2238 784 2274 vs.’l38.
803 2236 966 2274 collocat
987 2239 1025 2272 et
1046 2244 1117 2281 pro
1139 2237 1182 2270 et
1202 2233 1506 2271 interiectionem
1529 2233 1569 2271 ei
1590 2234 1708 2281 ponit.

306 2306 432 2344 Aliter
458 2305 557 2343 enim
582 2316 669 2343 cum
701 2304 795 2342 illud
823 2303 916 2352 fore,
948 2307 990 2341 ut
1021 2306 1067 2340 et
1098 2300 1288 2349 particula
1318 2302 1527 2351 superioris
1554 2301 1709 2340 distichi

304 2373 523 2424 exemplum
547 2374 602 2411 vel
624 2373 830 2422 explicatio
852 2372 951 2410 male
972 2370 1156 2410 afferatur
1177 2373 1216 2409 et
1231 2375 1318 2419 post
1338 2371 1535 2420 graviores
1557 2370 1708 2409 dolores

305 2444 422 2482 multo
454 2443 623 2480 minores
655 2442 857 2490 Propertio
889 2440 1172 2489 praedicantur,
1204 2442 1299 2488 tum,
1332 2440 1372 2478 id
1398 2440 1498 2488 quod
1524 2439 1704 2488 gravissi-
