1862 2676
742 97 974 136 -55-

164 217 252 257 liter
273 213 545 263 accipiendum,
567 216 611 252 ut
629 214 665 262 1,-
687 218 753 263 14,
780 217 815 254 1.
844 215 959 254 unda
990 214 1223 264 Tiberina,
1251 217 1291 253 et
1321 211 1557 252 ustus-de-

167 284 286 324 color
317 285 423 320 recte
449 281 665 331 expeditum
696 294 779 321 esse
806 294 829 320 a
847 282 1108 330 Lachmanno;
1141 283 1207 331 qui
1238 282 1408 331 quidem,
1440 278 1560 318 Ustus

167 351 333 400 decolor,
355 350 494 399 inquit,
522 361 689 399 expone:
717 351 882 400 decolor,
910 351 1000 399 quia
1024 354 1146 389 ustus.
1175 350 1419 399 Relinquitur
1443 349 1561 398 igitur

169 433 225 459 vs.
250 422 302 466 7.‚
337 418 400 456 ubi
430 430 513 456 cum
545 419 740 457 iteratos
772 430 852 466 per
883 423 1007 456 ortus
1037 430 1110 456 non
1135 420 1189 456 sic
1215 419 1337 466 possit
1361 417 1496 466 accipi,
1520 421 1564 453 ut

169 487 260 528 alibi
290 485 348 524 sol
379 490 446 524 aut
485 485 559 524 alia
591 487 718 525 sidera
748 486 889 525 iterare
920 490 1027 525 ortus
1058 486 1262 535 dicuntur,
1306 497 1388 524 cum
1418 485 1561 524 iterum

169 556 357 602 oriuntur,
381 554 541 592 maxime
563 556 643 593 veri
664 555 787 592 simile
807 554 901 592 illud
923 555 1087 602 videtur,
1111 554 1210 603 quod
1228 554 1420 592 Lucianus
1436 553 1563 591 Muel-

169 624 274 661 lerus
295 622 454 671 profert,
476 635 558 662 cum
584 624 621 662 in
648 623 855 672 archetypo
877 623 979 672 quod
1000 623 1179 672 scriptum
1202 622 1320 661 fuerit
1342 634 1413 661 non
1435 626 1565 671 potue—

170 691 223 730 rit
252 692 349 740 legi,
388 703 433 730 ea
469 693 583 730 verba
619 694 656 729 in
689 691 942 740 Neapolitano
973 693 1135 741 omissa,
1168 693 1206 729 in
1240 691 1482 740 Groningano
1520 701 1565 728 ea

171 760 313 809 scripta
339 771 435 809 esse,
465 772 559 810 quae
584 760 657 799 etsi
688 772 759 799 non
790 760 1097 809 intelligerentur
1127 760 1173 798 ad
1204 760 1337 798 literas
1369 759 1563 808 archetypi

171 828 342 876 proxime
374 829 596 868 viderentur
627 829 817 868 accedere.
853 829 962 866 Hunc
992 829 1112 878 igitur
1142 829 1266 866 locum
1299 829 1495 866 mittamus
1527 832 1566 864 et.

171 896 363 936 veniamus
384 898 432 936 ad
454 910 508 937 vs.
534 900 599 937 29.

259 966 312 1002 At
341 966 432 1003 mihi
462 977 547 1002 cum
579 968 709 1003 noctes
740 966 889 1003 induxit
917 965 1067 1012 Vesper
1093 977 1240 1003 amaras
1262 986 1318 992 —
1339 969 1428 1002 ante
1456 975 1566 1011 quem

171 1044 320 1071 versum
340 1033 638 1072 Luettiohannes
658 1033 814 1072 collocat
834 1045 909 1072 vss.
932 1035 985 1071 43
1013 1055 1062 1061 —
1089 1035 1155 1072 50.

289 1159 396 1198 Felix
417 1159 642 1209 Hippolyte!
664 1159 766 1198 nuda
787 1159 877 1198 tulit
895 1170 1002 1198 arma
1022 1159 1162 1208 papilla

347 1229 401 1266 Et
422 1228 518 1266 texit
538 1228 646 1276 galea
669 1227 832 1266 barbara
853 1228 963 1266 molle
983 1232 1109 1276 caput.

292 1296 469 1334 Romanis
491 1296 635 1334 utinam
657 1296 872 1344 patuissent
892 1300 1021 1334 castra.
1040 1296 1192 1344 puellis!

349 1362 483 1401 Esseni
506 1363 664 1401 militiae
685 1364 834 1402 sarcina
855 1363 931 1401 fida
951 1369 1052 1402 tuae.

293 1431 370 1478 Nec
393 1443 451 1469 me
472 1431 671 1469 tardarent
690 1431 866 1480 Scythiae
887 1433 987 1480 iuga,
1011 1443 1094 1469 cum
1117 1435 1226 1479 pater
1247 1432 1343 1469 altas

350 1499 491 1547 Aprico
512 1500 551 1537 in
571 1499 731 1547 glaciem
752 1498 895 1548 frigore
917 1500 1034 1538 nectit
1054 1511 1185 1548 aquas.

292 1567 423 1607 Omnis
444 1579 550 1606 amor
571 1579 743 1618 magnus,
766 1568 832 1607 sed
853 1572 987 1617 aperto
1008 1568 1047 1606 in
1069 1569 1233 1618 coniuge
1254 1568 1396 1607 maior:

351 1636 457 1674 Hanc
479 1636 610 1675 Venus
633 1641 675 1674 ut
696 1637 800 1675 vivat
819 1637 979 1675 ventilat
999 1637 1080 1685 ipsa
1101 1636 1240 1684 facem;
1264 1659 1321 1665 —

179 1764 232 1802 sic
254 1768 394 1811 tamen,
419 1768 461 1802 ut
481 1768 519 1802 et
539 1768 626 1812 post
645 1764 716 1803 hos
738 1775 869 1802 versus
899 1764 1098 1802 nonnullos
1124 1768 1233 1812 putet
1259 1775 1391 1802 versus
1423 1765 1578 1803 interci-

179 1832 293 1879 disse,
327 1831 465 1880 quibus
498 1843 537 1870 se
560 1832 753 1871 Arethusa
786 1832 997 1870 declararet
1023 1836 1181 1880 propter
1211 1833 1383 1881 coniugis
1409 1844 1574 1871 amorem

180 1899 329 1939 facilius
352 1904 479 1939 castra
499 1900 746 1940 toleraturam
768 1912 864 1949 esse,
887 1904 926 1939 et
946 1899 1045 1939 infra
1065 1903 1154 1938 ante
1176 1912 1231 1938 vs.
1258 1901 1324 1938 51.

299 2017 398 2056 Nam
419 2017 511 2055 mihi
534 2017 635 2066 quo?
655 2018 792 2056 Poenis
814 2017 884 2056 tibi
906 2029 1076 2067 purpura
1096 2016 1242 2065 fulgeat
1262 2018 1380 2056 ostris
1403 2041 1459 2046 —

180 2145 315 2172 rursus
335 2134 481 2183 aliquot
506 2134 694 2173 excidisse
719 2146 866 2184 versus,
900 2134 1036 2183 quibus
1063 2145 1104 2172 se
1131 2134 1258 2173 luctus
1285 2146 1399 2173 causa
1426 2136 1580 2175 sordida

181 2202 237 2240 uti
268 2205 374 2240 veste
401 2201 661 2251 profiteretur.
694 2202 813 2242 Cuius
845 2202 1030 2252 opinionis
1062 2206 1286 2251 argumenta
1318 2215 1364 2241 ex
1396 2204 1455 2242 his
1487 2204 1578 2243 locis

180 2270 334 2319 promit.
357 2270 529 2309 Primum
551 2282 598 2309 ex
618 2276 680 2319 at,
708 2272 810 2321 quod
837 2275 895 2310 est
919 2271 957 2309 in
977 2283 1032 2310 vs.
1064 2273 1130 2310 29.
1158 2270 1254 2309 Nam
1282 2271 1319 2309 in
1345 2268 1578 2322 eo'qui‘tra-

182 2339 284 2378 ditus
306 2339 356 2376 sit
381 2350 559 2377 versuum
592 2340 725 2379 ordine
757 2352 833 2378 nou
864 2340 1029 2389 perspici
1054 2339 1145 2388 quid
1180 2340 1240 2378 cui
1270 2346 1507 2389 opponatur:
1542 2347 1583 2379 at

183 2407 379 2455 aptissime
401 2407 435 2445 ei
463 2418 560 2455 quae
584 2408 778 2447 absentem
806 2408 983 2447 maritum
1014 2408 1187 2457 deploret
1210 2409 1424 2447 Arethusae
1446 2410 1581 2457 opponi

185 2475 340 2513 eandem
365 2475 547 2523 Lycotam
574 2476 613 2514 in
634 2476 773 2515 bellum
800 2477 1051 2515 comitantem.
1082 2476 1228 2515 Deinde
1256 2489 1302 2515 ex
1328 2477 1584 2525 descriptione
