1862 2676
450 206 619 269 erimus,
629 218 718 260 eur?
728 214 931 273 quartum
941 213 1196 262 cumsthbm
1205 208 1492 262 manuscriptas
1509 214 1551 249 et
1619 242 1621 245 .

22 288 36 298 ⁸
94 278 97 279 ⁷
137 288 151 302 ··
168 274 427 337 bargum
428 289 554 337 quam
563 287 738 335 quintum
753 285 847 325 cum
865 272 1122 346 La’chinauno
1128 282 1267 332 'vocare
1286 265 1548 322 maluefimus.

137 343 286 395 >Hane
291 355 400 394 enim
412 352 611 417 librorum
622 352 848 393 ᾱίιιειοιιειιι
878 342 962 392 cnm
992 355 1032 391 et
1051 350 1221 414 editores
1239 352 1394 399 praeter
1413 330 1552 387 Hertz-

160 425 332 473 bergium
359 435 480 473 paene
511 435 641 463 omnes
671 424 892 473 acceperint
927 428 967 462 et
996 423 1061 473 qui
1094 421 1280 461 historias
1311 420 1554 467 scripserunt

160 493 359 547 literarum
379 492 633 543 Romanarum
652 491 863 541 probarint,
886 491 918 529 si
939 491 1024 539 quis
1053 493 1223 529 veterem
1247 489 1355 527 illum
1379 487 1553 526 ordinem

159 561 341 610 praefert,
365 561 623 610 aperiendum,
646 572 715 600 cur
736 562 790 599 ita
810 559 943 608 faciat,
963 560 1130 598 videtur.

247 627 527 677 Lachmannus,
540 640 625 673 cum
647 640 695 667 ex
710 628 831 667 altero
853 629 917 677 qui
938 627 1011 666 fuit
1029 627 1128 666 libro
1150 627 1247 665 duos
1267 625 1373 674 facit,
1391 634 1553 673 quorum

159 699 330 746 priorem
350 708 448 750 nona
470 698 593 745 elegia
614 697 822 745 concludit,
853 697 922 734 has
951 700 1031 734 tres
1061 696 1231 734 rationes
1258 694 1444 743 sequitur.
1465 692 1554 730 Pri·

160 776 262 804 mum
283 765 525 805 intercidisse
547 765 690 815 aliquot
719 765 913 815 Propertii
944 758 1178 804 carmina'eo
1205 763 1371 812 coniicit,
1394 761 1495 811 quod
1515 764 1555 800 et
1579 753 1581 757 ’

160 838 418 873 memorentur
438 835 609 873 nonnulli
619 833 864 882 Propertiani
879 845 1011 872 versus
1031 845 1054 889 a
1073 833 1269 871 veteribus
1291 831 1554 880 scriptoribus,

161 902 226 951 qui
246 912 345 941 nunc
365 914 549 951 nusquam
569 902 824 951 reperiantur,
857 905 897 940 et
926 902 965 940 in
996 901 1118 940 altero
1150 899 1249 939 libro
1275 898 1455 939 nonnulla
1476 909 1557 937 car—

160 972 264 1009 mina
282 982 417 1019 parum
437 970 538 1008 inter
559 982 600 1009 se
631 973 720 1019 apta
751 970 829 1008 sint
860 974 900 1008 et
930 981 1111 1008 connexa.
1143 969 1291 1008 Deinde
1316 968 1366 1016 II,
1392 969 1457 1005 50.
1481 966 1556 1005 Sed

160 1043 310 1088 tempus
329 1039 496 1077 lustrare
518 1039 602 1078 aliis
632 1038 820 1077 Helicona
850 1039 999 1078 choreis
1033 1061 1084 1067 —
1117 1041 1231 1087 negat
1259 1037 1385 1076 locum
1415 1035 1556 1074 habere

161 1107 232 1143 nisi
253 1106 291 1143 in
314 1106 439 1154 capite
461 1105 549 1143 libri
577 1107 751 1153 Augusto
783 1106 961 1144 dedicati.
990 1106 1190 1144 Postremo
1221 1105 1324 1153 quod
1355 1107 1416 1142 est
1445 1104 1483 1141 in
1503 1104 1554 1151 II,

167 1175 232 1223 13,
258 1176 323 1213 25.
359 1173 427 1212 Sat
446 1162 542 1222 mea,
566 1177 627 1212 sat
656 1185 793 1223 magna
824 1177 897 1224 est,
920 1175 953 1213 si
973 1178 1052 1213 tres
1084 1175 1159 1213 sint
1184 1185 1325 1223 pompa
1345 1172 1479 1222 libelli,
1500 1195 1558 1201 —

161 1243 285 1280 tribus
307 1242 415 1280 libris
448 1242 612 1280 nondum
639 1242 821 1281 confectis
851 1254 924 1302 npn
944 1243 1116 1291 potuisse
1148 1242 1224 1280 dici
1254 1241 1478 1289 arbitratur.
1499 1241 1561 1280 Ex

163 1311 301 1360 quibus
323 1311 556 1359 argumentis
576 1311 739 1359 primum
760 1323 807 1350 ex
826 1314 937 1360 parte
959 1311 1146 1352 elevatum
1163 1314 1223 1349 est
1242 1310 1290 1349 ab
1301 1309 1556 1358 Hertzbergio

163 1379 330 1428 (Quaest.
367 1379 545 1427 Propert.
568 1392 604 1427 p.
630 1382 725 1417 211.
749 1380 830 1428 ss).
854 1378 962 1426 Quod
985 1380 1085 1418 enim
1106 1379 1329 1428 Fulgentius
1351 1378 1410 1417 De
1432 1378 1560 1427 prisco

164 1458 386 1486 sermonen.
408 1449 472 1485 34.
487 1447 524 1484 in
546 1447 746 1486 dividiae
767 1447 868 1486 hunc
888 1459 1039 1486 versum
1053 1447 1254 1497 Propertio
1274 1446 1557 1486 tribuat—Di-

162 1516 282 1554 vidias
302 1516 441 1553 mentis
463 1515 616 1553 conficit
636 1517 758 1553 omnis
778 1527 971 1564 am0r‚1—
992 1516 1031 1554 id
1051 1516 1190 1554 nullius
1211 1527 1293 1554 esse
1313 1515 1495 1565 ponderis
1512 1526 1556 1553 eo

164 1584 286 1634 docet,
310 1583 410 1632 quod
432 1583 533 1622 idem
554 1583 777 1633 Fulgentius
797 1583 836 1622 in
850 1584 976 1637 'verbo
999 1583 1241 1623 catillandi
1264 1584 1388 1623 eidem
1407 1576 1557 1623 auctori

163 1653 256 1691 haec
278 1653 422 1690 tribuat
444 1653 579 1691 verba:
619 1652 798 1691 Catillata
817 1654 920 1702 geris
940 1654 1168 1703 vadimonia,
1201 1653 1396 1702 publicum
1410 1653 1556 1702 ,prosti-

165 1720 306 1770 bulum,
330 1743 386 1748 —
408 1732 502 1769 quae
524 1720 722 1760 manifesto
744 1721 841 1760 alius
872 1721 1069 1770 scriptoris
1099 1721 1187 1760 sint.
1217 1721 1378 1760 Poterat
1402 1710 1556 1771 addere,

164 1790 306 1828 nullam
328 1790 478 1828 omnino
500 1791 769 1829 auctoritatem
791 1802 875 1829 esse
897 1790 1111 1839 Fulgentii3
1133 1791 1179 1828 de
1201 1798 1273 1839 quo
1289 1790 1333 1829 L.
1347 1789 1556 1829 Lerschius

164 1857 406 1906 (Fulgentius
427 1857 474 1896 de
496 1857 683 1896 abstrusis
705 1858 957 1897 sermonibus.
979 1858 1135 1897 Bonnae
1160 1859 1281 1896 1845.
1295 1870 1331 1907 p.
1358 1859 1442 1907 78.)
1463 1858 1560 1897 haec

166 1926 316 1964 scribit:
343 1926 425 1963 Wir
447 1926 572 1964 haben
595 1927 655 1964 die
676 1926 802 1975 Frage
833 1939 880 1964 zu
910 1927 1169 1975 entscheiden,
1202 1927 1248 1964 ob
1270 1926 1353 1965 eine
1373 1938 1558 1974 grenzen-

165 1993 243 2031 lose
273 1992 583 2043 Nachlassigkeit
618 1994 696 2033 und
735 1993 1065 2044 Vergesslichkeit
1103 1994 1143 2033 in
1174 1994 1292 2045 Jenen
1325 1992 1559 2033 fabelhaften

166 2062 441 2111 Erklarungen,
463 2062 744 2112 Buchertiteln,
766 2063 1024 2112 Fragmenten
1051 2064 1114 2101 ihr
1140 2063 1414 2102 wunderliches
1436 2063 1558 2112 Spiel-

165 2130 277 2179 trieb,
301 2130 393 2169 oder
416 2130 463 2169 ob
486 2130 547 2169 ein
568 2131 839 2170 absichtlicher
854 2131 1001 2181 Betrug
1015 2131 1144 2182 Jenem
1165 2130 1331 2171 Gewebe
1351 2142 1425 2170 von
1445 2130 1561 2171 Halb-

167 2198 345 2247 wahrem,
360 2199 900 2250 Falschem‚Wahnsinnigem
921 2213 967 2239 zu
989 2200 1144 2240 Grunde
1164 2200 1268 2249 liegt.
1295 2200 1404 2238 Idem
1423 2200 1560 2240 Hertz-

166 2266 317 2316 bergius
339 2278 428 2305 vere
448 2267 514 2317 ait,
537 2268 637 2317 quod
657 2269 706 2307 ad
726 2268 844 2318 Verg.
861 2269 946 2308 Ecl.
968 2268 1018 2318 V,
1042 2271 1114 2308 21:
1135 2268 1173 2307 in
1195 2267 1316 2307 Servii
1337 2269 1401 2318 qui
1423 2266 1589 2308 dicitur*

165 2335 445 2374 commentariis
467 2335 559 2374 haec
579 2337 698 2375 verba
719 2359 775 2366 —-
795 2341 940 2377 testes
962 2341 1064 2377 sunt
1085 2337 1233 2377 sidera
1251 2337 1376 2376 nobis
1398 2361 1454 2366 —
1470 2337 1562 2376 Pro-

165 2404 339 2452 pertiana
370 2402 559 2453 dicantur,
592 2404 632 2443 id
664 2408 838 2454 spectare
869 2406 918 2445 ad
947 2406 1064 2456 Prop.
1087 2406 1137 2455 ΙΙ,
1162 2407 1201 2455 9,
1224 2408 1293 2445 41.
1316 2405 1451 2445 Sidera
1472 2409 1562 2445 sunt

166 2475 287 2510 testes
309 2475 349 2510 et
359 2471 544 2511 matutina
554 2472 708 2521 pruina3
727 2497 774 2502 -—
785 2475 959 2523 quodque
972 2475 1073 2513 idem
1086 2474 1241 2514 Servius
1253 2475 1301 2513 ad
1309 2474 1434 2523 Georg
1446 2474 1477 2523 Ι,
1497 2476 1559 2513 19.
