1862 2676
771 68 1003 107 —33—

192 172 312 233 miles,
335 191 409 223 uno
430 178 505 225 duo
517 181 665 231 oppida
683 182 780 232 olim·
793 182 941 232 longius
956 182 1004 221 ab
1021 181 1127 228 Urbe
1147 180 1342 229 distantia,
1365 179 1489 218 altero
1509 179 1582 218 duo

143 276 146 280 -
193 251 282 294 olim
300 251 515 301 potentiora
534 236 803 298 memorentur,
825 251 897 289 etsi
917 253 1044 290 antem
1064 250 1283 300 saepissime
1303 247 1453 298 singula
1472 247 1582 286 disti—

194 321 266 361 cha
277 331 411 361 rerum
433 322 474 358 et
493 319 766 358 sententiarum
788 313 1035 357 similitudine⁴
1051 319 1308 367 continentur,
1340 316 1584 356 alibitamen

193 389 308 428 etiam
327 388 550 436 Propertius
571 386 801 426 contrariam
823 387 1011 425 rationem
1032 387 1219 435 sequitur,
1252 389 1297 424 ut
1323 386 1445 433 priori
1464 385 1582 423 hexa-

191 460 314 495 metro
335 455 528 504 posterior
549 457 801 502 pentameter,
833 455 953 502 priori
982 457 1220 502 pentametro
1250 454 1440 502 posterior
1464 453 1582 491 hexa-

193 527 314 561 meter
333 522 578 571 respondeat3
600 526 642 561 ut
661 523 692 571 Ι,
720 524 785 571 13,
810 524 875 561 29.
900 534 950 560 ss.

308 629 387 667 Nec
405 630 542 667 mirum
565 641 649 668 cum
671 629 722 667 sit
741 629 829 667 Iove
851 629 963 678 digna
983 633 1022 667 et
1036 629 1210 678 ⁴proxima
1231 627 1358 667 Ledae

365 698 419 736 Et
439 697 565 736 Ledae
586 709 607 736 0
627 701 741 747 partu
760 697 909 746 gratior
928 709 1002 735 11113
1021 697 1163 744 tribus,

307 765 376 804 Illa
396 766 446 804 sit
465 766 627 804 Inachiis
647 769 686 804 et
705 766 880 804 blandior
901 766 1081 813 heroinis,

364 834 435 873 Illa
456 835 534 873 suis
557 834 682 873 verbis
703 837 813 883 cogat
833 845 958 872 amare
979 834 1118 872 Iovem.

190 931 288 970 Nam
313 931 375 970 hic
405 942 554 979 quoque
576 942 597 968 e
617 930 705 970 Iove
737 942 847 969 orsus
877 930 915 968 in
946 930 1073 968 Iovem
1104 929 1259 977 desinit,
1291 928 1426 967 mediis
1456 932 1580 967 autem

190 999 336 1038 duobus
365 999 537 1037 versibus
568 1010 652 1036 cum
683 998 849 1036 heroinis
871 997 1072 1047 Cynthiam
1104 1000 1310 1045 comparat.
1362 997 1419 1034 Ac
1445 997 1580 1035 similis

188 1079 253 1106 res
275 1071 334 1106 est
354 1067 468 1105 etiam
487 1068 524 1105 in
546 1067 577 1115 Ι,
601 1068 640 1115 8,
664 1069 716 1105 27
734 1088 790 1095 -
809 1068 880 1105 30:

305 1172 376 1210 Hic
398 1173 489 1210 erit:
511 1172 573 1210 hic
595 1172 719 1210 iurata
739 1176 877 1210 manet.
901 1172 1140 1219 Rumpautur
1160 1171 1290 1220 iniqui.

330 1277 334 1282 ,
362 1239 552 1278 Vicimus!
575 1238 748 1278 assiduas
768 1251 842 1278 non
865 1239 954 1277 tulit
974 1239 1039 1277 illa
1058 1250 1204 1287 preces.

304 1307 416 1346 Falsa
434 1307 522 1346 licet
542 1307 699 1356 cupidus
721 1307 886 1356 deponat
904 1307 1045 1356 gaudia
1065 1307 1177 1345 livor:

362 1376 519 1414 Destitit
539 1376 597 1414 ire
618 1387 734 1414 novas
757 1375 925 1425 Cynthia
944 1376 1058 1424 longa
1078 1376 1170 1414 vias.

275 1472 329 1510 Ut
348 1472 447 1509 enim
482 1472 597 1509 medii
626 1471 700 1509 duo
731 1483 866 1509 versus
897 1472 1079 1510 laetitiam
1112 1472 1272 1509 dicentis
1313 1471 1577 1521 testificantur,

188 1528 244 1576 ita
277 1539 424 1587 primus
449 1543 488 1576 et
513 1539 667 1577 ultimus
698 1539 789 1586 quid
818 1538 959 1577 factum
991 1539 1043 1577 sit
1073 1542 1240 1577 narrant.
1282 1538 1355 1577 Sed
1384 1540 1578 1579 mittamus

187 1607 262 1645 iam
282 1606 383 1644 hunc
402 1606 541 1645 locum.
592 1606 779 1644 Maiorem
805 1606 926 1644 eidem
953 1607 1110 1644 carmini
1134 1607 1211 1643 vim
1238 1606 1370 1644 attulit
1388 1607 1578 1646 Heimrei-

188 1674 297 1713 chius
328 1674 469 1724 (Symb.
502 1674 634 1723 philol.
666 1675 784 1713 Bonn.
807 1674 838 1712 F
841 1686 916 1713 asc.
939 1678 1080 1723 poster.
1102 1687 1140 1724 p.
1165 1675 1261 1712 667.
1284 1675 1366 1723 ss),
1399 1675 1463 1724 qui
1494 1687 1577 1714 011111

186 1753 256 1791 pro
277 1754 386 1791 vage
409 1743 446 1781 in
468 1754 524 1781 vs.
550 1745 616 1781 71.
650 1754 697 1781 ex
722 1743 939 1781 coniectura
960 1743 1175 1792 scripsisset
1194 1753 1335 1792 mage,
1358 1743 1406 1781 ab
1429 1755 1473 1781 eo
1494 1744 1578 1792 ipso

186 1821 302 1850 versu
323 1823 463 1850 novum
484 1811 618 1850 statuit
638 1823 788 1849 carmen
810 1811 991 1860 incipere,
1024 1812 1123 1860 quod
1144 1822 1228 1849 cum
1250 1811 1447 1859 superiore
1468 1812 1578 1860 plane

185 1890 258 1917 non
281 1879 521 1925 cohaereret3
547 1890 660 1927 quam
680 1879 905 1917 sententiam
926 1879 1170 1927 amplectitur
1191 1879 1305 1916 etiam
1325 1878 1576 1917 Luettiohan-

185 1958 253 1985 nes
273 1947 374 1997 (pag.
400 1948 481 1996 23).
523 1947 579 1985 Ac
599 1947 766 1986 rationes
785 1947 849 1986 ille
870 1947 937 1986 has
957 1945 1113 1996 profert.
1155 1945 1322 1985 Primum
1352 1946 1578 1987 alucinantis

187 2025 272 2053 esse
303 2016 498 2063 superiora
524 2026 610 2053 cum
634 2014 880 2053 inferioribus
906 2016 959 2053 ita
985 2016 1229 2063 coniungere,
1261 2018 1305 2052 ut
1331 2015 1574 2064 coniungant,

184 2093 270 2121 cum
301 2083 428 2122 dicant
458 2083 700 2132 Propertium
739 2083 917 2122 inchoato
947 2083 1113 2132 poemati
1139 2083 1185 2121 de
1207 2082 1416 2131 originibus
1437 2083 1574 2122 Roma-

184 2151 243 2189 nis
274 2151 340 2189 sed
371 2152 516 2190 abiecto
550 2155 681 2200 postea
716 2152 903 2190 iocantem
938 2152 1096 2190 alteram
1136 2154 1280 2200 partem
1321 2151 1574 2198 subtexuisse;

183 2218 321 2257 deinde
344 2230 418 2257 vss.
446 2221 525 2258 135
539 2241 596 2247 —
611 2221 704 2258 146.
737 2231 811 2258 000
839 2220 1044 2269 horoscopi
1064 2231 1148 2258 esse
1170 2219 1236 2257 sed
1257 2218 1461 2267 Apollinis;
1495 2223 1574 2258 tum

183 2286 278 2325 fata
299 2287 450 2326 dicere
472 2300 545 2327 non
567 2300 678 2337 posse
700 2288 774 2326 dici
795 2288 868 2327 nisi
889 2289 954 2337 qui
969 2289 1214 2335 vaticinetur3
1238 2287 1399 2336 denique
1421 2299 1575 2336 vagum

183 2354 430 2404 Propertium
451 2366 522 2394 non
545 2367 657 2404 posse
677 2356 732 2394 ita
752 2356 842 2405 dici,
876 2359 919 2394 ut
950 2367 1043 2394 sana
1073 2356 1263 2394 sententia
1288 2355 1437 2394 evadat.
1471 2355 1576 2402 Quae

182 2428 317 2462 contra
336 2424 390 2462 ita
411 2424 706 2473 disputabimus,
739 2429 783 2463 ut
813 2437 836 2463 a
866 2428 1059 2473 postremo
1092 2428 1315 2474 argumento
1337 2423 1574 2471 incipiamus.

1325 2491 1342 2517 3
