1862 2676
761 47 994 88 ...7-

244 159 369 203 rt
381 161 707 217 mmmmm
698 162 856 222 ιιιῠὶι,
873 162 1064 210 domm
1081 165 1236 203 mutare
1254 160 1411 211 cavebo.

317 249 327 255 ψ
437 228 546 272 Ἕω
551 228 687 282 stabit,
694 235 785 272 cnm
793 229 850 271 in
855 241 924 271 me
937 231 1104 272 senserit
1119 241 1204 271 esse
1216 229 1345 279 fidem.

181 348 224 387 In
245 344 367 397 elegia
390 349 459 387 13.
479 358 591 397 quam
610 323 719 388 levis
727 334 779 388 sit
798 334 916 387 causa
939 331 1183 398 disiungendi
1207 347 1320 387 facile
1340 347 1513 387 cernitur
1533 358 1581 385 ex

182 416 414 456 dissensione
436 406 742 466 disiungentium.
774 403 1040 456 Lachmannus
1060 416 1162 455 enim
1184 427 1321 456 novam
1343 416 1533 466 elegiam·
1522 427 1578 454 1n-

183 485 276 536 cipit
294 496 318 537 a
337 496 393 525 vs.
421 487 485 524 17

298 592 607 653 Quandocunque
627 593 745 642 igitur
765 595 915 632 nostros
934 603 1038 631 mors
1059 592 1213 632 claudet
1234 580 1404 641 ocellos‚'

356 660 496 709 Accipe
517 671 612 710 quae
633 671 764 698 serves
785 659 931 699 funeris
952 664 1041 699 acta
1059 661 1133 699 mei
1155 681 1210 688 -

880 721 928 750 ’Q

182 788 295 826 quam
321 788 439 826 usque
464 777 512 816 ad
539 777 682 816 exitum
707 776 897 826 perducit,
923 780 1099 816 neutrum
1124 779 1252 816 autem
1285 788 1353 816 cur
1377 775 1493 815 faciat
1517 788 1579 816 ac-

181 835 351 885 curatius
372 846 541 895 exponit:
565 844 839 893 Hertzbergius
859 845 1162 895 (Quaest.Prop.
1175 857 1213 894 p.
1239 845 1321 894 99.)
1342 856 1366 883 a
1384 844 1580 893 prioribus

182 914 347 963 seiungit
366 925 440 953 vss.
464 915 532 952 43.
555 924 618 963 ss„
642 912 744 963 quod
764 913 829 963 qui
849 914 959 953 modo
980 925 1049 953 sua
1069 913 1285 952 conditione
1306 913 1403 952 adeo
1424 916 1580 952 conten-

180 985 243 1021 tus
268 982 397 1031 fuerit,
429 985 473 1020 ut
497 982 556 1020 vel
586 985 675 1031 post
705 982 851 1020 cineres
882 970 961 1021 alia
985 983 1043 1020 uti
1074 994 1115 1021 se
1146 982 1244 1020 velle
1277 985 1448 1031 negaret,
1479 982 1581 1021 idem

181 1052 347 1100 nequeat
383 1049 560 1088 continuo
595 1049 711 1088 vitam
753 1060 859 1088 suam
897 1050 1087 1088 exsecrari
1128 1060 1279 1099 quaque
1319 1049 1418 1088 hora
1455 1049 1580 1088 lucem

181 1119 374 1169 aspexerit
389 1130 473 1157 eam
489 1117 668 1157 flebiliter
685 1118 879 1157 detestari.
894 1118 983 1167 Sed,
1002 1121 1045 1156 ut
1065 1119 1115 1157 ad
1135 1129 1217 1156 rem
1233 1118 1355 1167 ipsam
1371 1118 1578 1167 veniamus,

182 1187 316 1237 quibus
336 1186 600 1226 Lachmannus
621 1185 797 1225 versibus
818 1197 959 1225 novum
985 1197 1138 1225 carmen
1165 1185 1329 1235 orditur,
1359 1186 1406 1225 iis
1432 1188 1581 1226 antece—

182 1255 305 1294 dunt
296 1255 322 1293 1i
349 1254 487 1304 quibus
509 1254 612 1302 vulgi
637 1254 825 1303 opinionis
851 1255 1081 1303 contemptio
1113 1254 1333 1293 declaratur
1367 1255 1579 1316 ceterisque

182 1324 355 1363 omnibus
375 1323 517 1362 amicae
538 1334 643 1362 amor
664 1321 896 1361 antefertur:

302 1431 366 1471 13.
388 1429 491 1468 Haec
514 1429 587 1467 ubi'
600 1428 842 1478 contigerint,
863 1427 993 1477 populi
1015 1426 1171 1467 confusa
1190 1428 1316 1467 valeto

442 1497 603 1536 Fabula:
626 1508 713 1535 nam
734 1497 887 1535 domina
906 1497 1032 1536 iudice
1051 1500 1159 1535 tutus
1180 1508 1259 1535 ero.

385 1565 488 1614 Quae
510 1565 542 1604 si
562 1563 659 1604 forte
680 1564 798 1605 bonas
818 1564 867 1604 ad
888 1576 1019 1615 pacem
1040 1565 1201 1605 verterit
1220 1576 1347 1615 aures,

443 1634 603 1672 Possum
623 1634 842 1673 inimicitias
863 1637 953 1672 tunc
975 1645 1044 1682 ego
1065 1632 1166 1672 ferre
1186 1634 1212 1672 J
1214 1634 1307 1672 ovis.

183 1751 282 1789 Hinc
304 1753 430 1789 autem
450 1761 561 1799 quam
582 1753 670 1798 apte
691 1752 908 1788 transeatur
938 1749 986 1788 ad
1011 1748 1125 1788 funus
1150 1749 1291 1788 amicae
1311 1750 1579 1801 mandandum,

185 1818 355 1857 Tibullus
377 1820 436 1857 est
454 1817 610 1867 indicio,
632 1817 741 1856 euius
761 1817 801 1855 in
821 1817 852 1867 I,
881 1820 896 1856 1
924 1829 947 1855 a
966 1829 1020 1856 vs.
1046 1819 1111 1856 57.
1124 1817 1217 1855 haec
1238 1820 1343 1855 sunt:

300 1926 384 1965 Non
407 1937 477 1974 ego
497 1924 645 1964 laudari
667 1936 775 1964 curo:
798 1936 881 1964 mea
901 1925 1023 1974 Delia,
1045 1927 1172 1963 tecum

389 1995 489 2033 Dum
508 1993 618 2033 modo
640 1993 723 2043 sim,
746 2005 885 2043 quaeso
906 1994 1031 2041 segnis
1052 1979 1230 2042 inersque
1250 2004 1378 2033 vocer.

303 2063 357 2101 Te
378 2065 558 2112 spectem,
581 2073 755 2111 suprema
775 2062 869 2101 mihi
889 2073 974 2100 cum
995 2061 1144 2100 venerit-
1163 2061 1271 2111 hora,

390 2131 445 2170 Te
465 2134 616 2171 teneam
635 2130 799 2178 moriens
820 2128 1018 2169 deficiente
1037 2140 1165 2168 manu.

188 2234 241 2278 At
260 2237 535 2288 Hertzbergius
556 2237 620 2277 vix
639 2238 827 2277 haesisset
846 2237 884 2276 in
901 2236 960 2276 his
981 2235 1173 2276 versibus:

306 2347 374 2385 43.
399 2346 526 2395 Atque
546 2345 691 2385 utinam
709 2345 839 2396 primis
859 2344 1021 2384 animam
1041 2356 1101 2384 me
1120 2356 1264 2395 ponere
1284 2347 1391 2386 cunis

448 2414 627 2454 Iussisset
647 2415 803 2464 quaevis
824 2414 872 2453 de
892 2413 1016 2452 tribus
1037 2425 1113 2452 una
1134 2415 1258 2453 soror!
