1862 2676
877 93 1107 131 -60-

289 207 370 246 loco
392 209 595 259 movendos
616 219 682 247 eos
703 208 858 257 quidem
878 209 1036 257 idcirco,
1053 209 1155 257 quod
1176 220 1244 247 nec
1266 209 1360 248 ruit
1381 208 1428 246 de
1449 207 1580 247 furore
1601 220 1689 257 pos-

290 276 342 315 sit
363 277 484 324 accipi
504 280 662 325 propter
684 278 893 316 Amazones
914 288 1074 326 quarum
1096 288 1169 315 non
1189 277 1239 315 sit
1258 276 1403 325 furere,
1419 288 1487 316 nec
1509 288 1579 315 cur
1599 288 1688 325 pro·
1710 297 1716 304 ·

291 344 374 391 pria
407 344 442 381 vi
480 345 629 382 ruerit
665 345 721 382 vel
759 345 978 383 cucurrerit
1012 345 1176 393 Tarpeia
1216 344 1293 383 ullo
1334 344 1444 383 modo
1481 345 1690 393 excogitari

291 412 423 460 possit.
447 412 500 450 At
521 413 600 451 ruit
621 413 657 451 h.
683 424 716 452 o.
741 413 920 451 celeriter
939 413 1060 452 currit
1087 416 1126 452 et
1151 412 1229 451 abit
1255 424 1385 452 amore
1406 413 1471 462 qui
1492 413 1689 451 nocturnis

291 481 444 517 somniis
475 482 688 519 increverat
719 482 874 519 incensa
909 485 947 519 et
977 482 1122 519 scelere
1154 481 1255 529 quod
1287 483 1411 519 animo
1449 481 1689 518 machinatur

291 547 453 596 impulsa
480 553 518 586 et
543 559 634 586 cura
661 548 761 587 Tatii
787 560 899 597 quem
927 552 966 587 et
997 560 1149 587 servare
1180 554 1218 587 et
1247 549 1320 587 sibi
1353 549 1555 588 conciliare
1586 548 1690 597 cupit

289 620 475 664 permota,
498 622 541 654 ut
563 616 714 665 Scyllae
736 617 836 664 apud
857 616 1036 655 Ovidium
1057 618 1150 655 Met.
1174 617 1279 663 VIII,
1305 618 1370 655 38.

524 732 694 781 Impetus
715 737 773 771 est
801 756 846 760 ——
872 755 927 760 ——
950 755 1004 761 —
1027 733 1129 771 ferre
1151 745 1220 782 per
1240 745 1373 782 agmen

525 801 726 848 Virgineos
747 802 883 840 hostile
904 802 1068 850 gradus;
1093 824 1145 829 —

291 922 332 955 ut
352 918 519 956 Ariadne
536 918 628 957 Her.
648 919 696 967 X,
720 921 783 958 19.
803 931 931 958 somno
950 919 1216 968 expergefacta
1232 924 1270 958 et
1286 919 1434 958 Thesea
1450 918 1686 957 desiderans:

407 1034 517 1071 Nunc
541 1034 615 1072 huc
638 1046 735 1072 nunc
757 1035 847 1073 illuc
870 1040 908 1073 et
929 1040 1092 1084 utroque
1110 1036 1192 1073 sine
1210 1035 1343 1074 ordine
1360 1036 1497 1082 currit3
1519 1057 1569 1063 —

287 1154 330 1187 ut
353 1150 506 1198 Sappho
527 1151 619 1188 Her.
643 1151 728 1198 XV,
755 1153 849 1189 135.
875 1163 924 1189 ss.

405 1270 456 1306 At
478 1280 561 1306 cum
584 1281 624 1306 se
646 1270 770 1317 Titan,
794 1270 928 1316 inquit,
951 1269 1116 1307 ostendit
1137 1274 1176 1307 et
1197 1271 1322 1307 omnia
1342 1281 1480 1316 secum,

461 1336 557 1374 Tum
580 1337 657 1375 cito
681 1349 740 1375 me
763 1348 912 1376 somnos
936 1336 1158 1376 destituisse
1180 1349 1330 1387 queror.

404 1407 528 1446 Antra
543 1407 752 1452 nemusque
768 1411 868 1453 peto,
885 1410 1065 1452 tanquam
1083 1418 1215 1443 nemus
1232 1411 1416 1453 antraque
1431 1406 1592 1453 prosint.

464 1472 625 1511 Conscia
647 1472 795 1511 deliciis
816 1473 881 1511 illa
902 1472 1008 1512 fuere
1029 1473 1117 1512 tuis.

403 1543 497 1580 Illuc
519 1544 656 1580 mentis
677 1543 801 1590 inops,
823 1549 866 1581 ut
887 1554 999 1591 quam
1019 1542 1167 1580 furialis
1187 1543 1375 1581 Erichtho

462 1610 629 1659 Impulit,
652 1611 689 1648 in
711 1610 808 1649 collo
831 1611 934 1649 crine
957 1611 1105 1649 iacente
1126 1610 1247 1659 feror3
1271 1633 1325 1638 --

286 1793 364 1830 quod
381 1793 464 1822 sinus
480 1793 630 1822 abscissus
646 1793 676 1821 in
695 1793 847 1822 Amazone
864 1802 922 1822 non
939 1792 977 1822 de
994 1797 1088 1829 veste,
1104 1792 1156 1821 sed
1173 1792 1210 1822 de
1228 1801 1353 1822 mamma
1369 1793 1523 1829 extirpata
1537 1793 1687 1830 accipien-

285 1841 340 1870 dus
362 1842 410 1876 sit,
433 1850 510 1877 qnae
531 1841 563 1869 in
590 1844 722 1877 aperta
748 1849 808 1869 non
835 1841 967 1870 ablativo
993 1841 1046 1869 sed
1073 1841 1244 1869 accusativo
1268 1840 1308 1870 sit
1328 1840 1465 1870 dicenda.
1492 1840 1577 1877 Quod
1597 1850 1686 1878 quam

284 1890 360 1918 nihil
383 1890 486 1919 valeat
511 1889 702 1926 perspicuum
724 1892 769 1918 est
789 1898 827 1918 ex
847 1889 903 1925 III,
927 1891 971 1924 14,
995 1890 1039 1918 13.
1066 1888 1171 1926 Qualis
1192 1888 1408 1918 Amazonidum
1431 1889 1553 1920 nudatis
1573 1889 1687 1920 bellica

285 1939 418 1968 mammis
434 1939 716 1968 Thermodontiacis
733 1939 821 1968 turba
837 1939 957 1968 lavatur
977 1939 1074 1975 aquis,
1095 1939 1146 1968 ubi
1161 1940 1331 1968 Amazones
1352 1947 1413 1969 non
1435 1939 1515 1968 omni
1535 1943 1620 1969 veste
1636 1949 1684 1969 ca—

285 1997 355 2018 rere
384 1988 537 2024 dicuntur,
559 1987 613 2016 sed
635 1988 785 2016 sententia
806 1988 881 2016 haec
903 1990 967 2016 est:
993 1988 1098 2024 quales
1120 1991 1189 2016 sunt
1210 1986 1330 2016 nudatis
1351 1988 1486 2016 mammis
1506 1988 1687 2024 Amazones,

284 2045 362 2073 quae
377 2036 409 2065 in
425 2035 649 2065 Thermodonte
667 2035 809 2064 lavantur
824 2036 872 2065 vel
890 2035 955 2064 illic
972 2035 1119 2065 habitant.
1136 2035 1212 2064 Nam
1229 2035 1317 2064 aliter
1334 2044 1389 2065 nec
1405 2044 1549 2065 mammae
1564 2036 1684 2073 potissi-

283 2095 363 2115 mum
379 2084 477 2114 nudae
493 2085 680 2121 dicerentur,
695 2094 751 2114 nec
767 2094 834 2114 mox
850 2085 888 2122 (v.
907 2087 951 2115 19.
968 2085 1052 2118 Inter
1072 2093 1147 2121 quas
1163 2084 1281 2114 Helene
1304 2085 1393 2114 nudis
1408 2093 1516 2122 capere
1532 2093 1616 2115 arma
1630 2095 1684 2123 pa-

284 2135 367 2171 pillis
382 2135 502 2170 Fertur)
518 2134 616 2165 nudae
632 2134 766 2171 papillae
779 2134 922 2170 Helenae,
940 2143 1037 2170 neque
1049 2134 1217 2162 Amazones
1234 2142 1299 2163 cum
1312 2134 1469 2171 Spartanis
1484 2134 1594 2172 puellis
1611 2144 1683 2165 con-

282 2183 453 2221 ferrentur3
475 2185 534 2214 nisi
556 2184 633 2214 forte
654 2185 743 2214 etiam
768 2185 979 2222 equitantium,
1001 2184 1065 2221 pila
1085 2184 1261 2221 ludentium,
1282 2186 1374 2215 armis
1394 2185 1600 2216 dimicantium
1620 2190 1686 2216 tota

281 2241 411 2269 corpora
430 2233 510 2263 nuda
526 2233 619 2264 fuisse
636 2235 799 2264 existimes.
822 2234 969 2263 Similiter
986 2233 1141 2270 Vergilius
1162 2237 1267 2270 peetus
1288 2235 1431 2263 nudatum
1447 2238 1593 2264 memorat
1607 2236 1683 2265 Aen.

282 2282 304 2316 l,
321 2283 389 2309 492.
411 2281 603 2311 Penthesilea
624 2299 658 2303 —
677 2284 779 2311 Aurea
802 2283 983 2311 subnectens
1003 2285 1142 2311 exsertae
1164 2282 1285 2319 cingula
1305 2291 1459 2320 mammae3
1482 2300 1518 2304 —
1539 2283 1596 2321 XI,
1616 2285 1686 2313 649.

282 2331 418 2359 Amazon
435 2346 471 2350 —
488 2330 587 2359 Unum
602 2335 725 2360 exserta
739 2331 819 2360 latus
836 2339 956 2367 pugnae
978 2330 1154 2366 pharetrata
1168 2330 1307 2368 Camilla;
1326 2348 1361 2353 -
1378 2332 1416 2361 ib.
1434 2333 1500 2362 803.
1517 2332 1614 2362 Hasta
1629 2332 1684 2361 sub

281 2382 434 2407 exsertam
449 2378 547 2407 donec
562 2379 681 2414 perlata
697 2379 851 2415 papillam.
868 2378 982 2414 Quodsi
998 2382 1103 2414 pectus
1124 2379 1267 2409 nudatum
1285 2383 1340 2416 est,
1356 2380 1424 2410 sinu
1439 2381 1532 2410 vestis
1549 2380 1682 2410 ab'scisso

281 2425 426 2455 nudatum
449 2429 505 2462 est,
523 2429 555 2454 ut
571 2426 626 2460 ΙΙΙ,
641 2428 669 2461 8,
686 2429 714 2456 8.
731 2427 910 2463 Propertius
927 2427 1083 2463 Cynthiae,
1103 2427 1164 2457 Fac
1179 2437 1255 2465 mea,
1275 2428 1383 2466 inquit,
1404 2429 1538 2459 rescisso
1559 2432 1682 2466 pectora

282 2474 364 2505 nuda
378 2475 455 2505 sinu.
