1862 2676
760 62 991 123 —107—

183 197 266 236 eius
291 196 407 237 fuerit
429 199 499 247 (sc.
526 198 859 248 considerabimus)
884 200 1093 239 cuiusmodi
1119 210 1182 238 res
1212 202 1374 238 mortem
1405 199 1488 237 eius
1518 200 1569 236 sit

183 269 399 305 consecuta.
428 288 483 294 —
508 267 564 305 Ac
594 266 730 306 Cioero
749 267 887 306 Partit.
916 268 1022 308 Orat.
1051 269 1124 317 23,
1148 269 1214 307 82.
1238 289 1292 295 -
1320 266 1453 316 Neque
1480 277 1567 304 vero

183 344 298 382 mors,
319 333 454 382 inquit,
476 345 619 381 eorum,
643 346 802 382 quorum
823 336 900 372 vita
926 335 1156 382 laudabitur,
1185 334 1337 372 silentio
1361 327 1572 382 praeteriri

183 401 347 450 debebit,
370 401 403 440 si
424 402 532 441 modo
559 402 649 450 quid
674 403 748 442 erit
772 402 1141 442 animadvertendum
1169 406 1234 440 aut
1260 402 1297 440 in
1322 402 1404 450 ipso
1429 412 1569 450 genere

183 470 316 508 mortis
346 472 412 507 aut
444 470 483 507 in
513 470 561 508 iis
592 470 708 508 rebus
738 481 833 518 quae
864 473 949 518 post
978 473 1139 508 mortem
1175 473 1288 507 erunt
1322 474 1568 515 consecutae;

181 538 358 587 idemque
388 538 446 577 De
472 543 567 578 orat.
595 539 645 591 ΙΙ,
670 539 738 587 85,
763 539 856 577 347.
895 538 1030 587 Neque
1060 542 1186 577 tamen
1221 538 1284 577 illa
1314 550 1389 577 non
1418 543 1567 588 ornant,

181 606 303 645 habiti
333 606 512 655 honores,
549 607 704 646 decreta
740 607 908 654 virtutis,
946 607 1132 655 praemia,
1167 618 1229 645 res
1259 611 1387 655 gestae
1418 607 1570 646 iudiciis

181 674 375 714 hominum
408 676 692 724 comprobatae;
722 675 760 713 in
787 674 923 724 quibus
948 675 1063 714 etiam
1088 674 1308 713 felicitatem
1333 675 1451 724 ipsam
1477 675 1569 714 deo-

182 754 269 781 rum
288 743 717 796 immortalium-iudicio
745 743 865 781 tribui
888 743 1116 781 laudationis
1142 747 1202 781 est
1222 765 1290 779 —.
1328 743 1379 781 Et
1399 743 1571 790 Quincti-

184 809 306 848 lianus
325 808 396 858 III,
421 811 458 858 7,
485 812 548 848 10.
581 809 705 859 Magis
731 813 806 858 est,
834 810 972 859 inquit,
1000 810 1106 848 varia
1130 810 1213 848 laus
1238 810 1443 848 hominum.
1474 810 1572 849 Nam

183 878 347 926 primum
368 878 550 917 dividitur
571 879 609 916 in
629 881 799 926 tempora
820 879 998 927 quodque
1020 881 1107 916 ante
1134 889 1198 916 eos
1223 877 1296 916 fuit
1321 890 1472 926 quoque
1499 878 1573 926 ipsi

183 945 379 994 vixerunt3
401 946 440 983 in
460 945 519 983 his
540 949 669 983 autem
690 946 754 993 qui
775 943 854 982 fato
874 949 963 983 sunt
983 944 1105 982 functi
1131 945 1247 982 etiam
1268 945 1369 993 quod
1395 949 1455 983 est
1474 946 1572 984 inse-

126 1041 130 1044 ·
183 1017 326 1052 cutum.
350 1034 405 1040 —
426 1013 479 1050 At
507 1013 653 1051 luctum
684 1016 723 1051 et
752 1012 1066 1061 approbationem
1095 1024 1180 1050 cum
1210 1012 1463 1051 multitudinis
1493 1018 1571 1052 tum

183 1081 315 1129 optimi
336 1081 515 1129 cuiusque
536 1081 574 1118 in
596 1081 770 1119 laudibus
790 1084 1031 1119 mortuorum
1050 1081 1140 1128 poni
1162 1084 1201 1119 et
1221 1081 1367 1119 Auctor
1393 1080 1572 1120 Consola-

181 1149 296 1187 tionis
323 1149 370 1187 ad
396 1148 546 1187 Liviam
567 1148 776 1198 Augustam
797 1152 973 1196 testatur,
1001 1160 1086 1187 cum
1107 1149 1295 1187 communi
1319 1149 1483 1187 omnium
1509 1160 1572 1188 or-

181 1217 310 1255 dinum
329 1217 436 1255 luctu
456 1217 679 1255 adumbrato
699 1228 753 1255 vs.
779 1219 873 1255 209.
898 1228 946 1255 ss.

356 1335 408 1373 Et
428 1345 533 1382 voce,
556 1333 692 1382 inquit,
717 1338 756 1372 et
777 1333 944 1371 lacrimis
965 1333 1139 1382 laudasti,
1164 1333 1318 1383 Caesar,
1342 1334 1546 1382 alumnum,

414 1401 553 1439 Tristia
573 1412 656 1439 cum
677 1401 824 1439 medius
844 1406 1038 1449 rumperet
1058 1412 1147 1439 orsa
1166 1402 1285 1440 dolor.

355 1470 411 1508 Tu
433 1470 551 1508 letum
572 1470 712 1518 optasti
733 1468 802 1508 Dis
822 1458 1085 1508 aversantibus
1107 1481 1215 1508 omen

413 1538 489 1575 Par
508 1537 592 1585 tibi,
614 1538 646 1575 si
668 1537 837 1575 sinerent
856 1541 895 1575 te
914 1542 980 1575 tua
1001 1536 1079 1575 fata
1099 1537 1207 1575 mori.
1232 1560 1287 1565 ——

181 1651 220 1684 et
239 1648 332 1683 215.
357 1667 412 1672 ——
434 1644 541 1692 Quod
560 1645 672 1694 petiit
692 1645 783 1683 tulit
803 1644 882 1692 ille,
906 1644 976 1682 tibi
998 1649 1040 1682 ut
1061 1625 1129 1681 sua
1149 1626 1248 1682 l'acta
1268 1644 1479 1692 placerent:

411 1712 628 1760 Magnaque
649 1712 825 1750 laudatus
847 1713 1014 1760 praemia
1036 1712 1169 1750 mortis
1189 1712 1305 1750 habet
1319 1726 1389 1760 —3

180 1834 219 1868 et
230 1830 411 1869 Horatius
424 1840 507 1868 cum
516 1829 557 1868 C.
566 1829 596 1878 I,
607 1832 629 1867 2
637 1833 674 1879 4,
686 1832 722 1869 9.
733 1830 837 1869 dicit:
851 1829 985 1868 Multis
996 1829 1058 1868 ille
1070 1830 1191 1868 bonus
1201 1828 1337 1868 flebilis
1350 1829 1491 1868 occidit
1499 1851 1566 1868 —-.

181 1955 355 2004 Itemque
365 1955 475 1994 liberi
488 1956 714 2005 omninoque
726 1956 930 2005 propinqui
947 1956 1169 2004 superstites
1186 1961 1229 1994 ut
1248 1967 1422 2004 magnum
1438 1956 1570 1994 mortis

181 2028 444 2061 ornamentum
475 2032 736 2063 memorantur
767 2037 789 2063 a
816 2025 951 2063 Tacito
978 2025 1146 2072 Agricol.
1170 2028 1237 2064 44.
1263 2046 1312 2053 -
1336 2025 1431 2062 Filia
1456 2027 1570 2072 atque

181 2103 296 2129 uxore
318 2093 589 2140 superstitibus
611 2098 738 2142 potest
757 2094 877 2132 videri
898 2093 1010 2131 etiam
1028 2093 1161 2131 beatus
1180 2093 1354 2132 incolumi
1371 2093 1571 2140 dignitate,

181 2159 339 2198 florente
366 2159 477 2208 fama,
506 2161 620 2199 salvis
642 2161 901 2200 adfinitatibus
931 2164 969 2198 et
994 2161 1125 2199 amicis
1151 2161 1281 2200 futura
1306 2160 1478 2209 effugisse
1501 2182 1569 2208 —,

183 2232 222 2266 et
249 2239 272 2266 a
295 2227 418 2266 Plinio
444 2229 517 2278 Ep.
540 2230 570 2278 I,
598 2232 662 2278 12,
695 2230 759 2268 ubi
792 2230 838 2269 de
867 2229 1029 2268 Corellio
1057 2229 1156 2269 Rufo
1182 2230 1363 2279 loquitur:
1396 2229 1573 2268 Decessit

184 2297 453 2346 superstitibus
475 2299 566 2347 suis,
588 2299 746 2337 florente
766 2299 963 2348 republica
984 2318 1038 2326 -
1060 2302 1100 2336 et
1124 2299 1193 2351 hoc
1214 2299 1304 2336 scio.
1338 2298 1421 2346 Ego
1443 2301 1569 2335 tamen

183 2366 301 2405 doleo.
331 2389 378 2394 —
404 2365 594 2413 Quantum
624 2371 752 2406 autem
778 2368 824 2406 ad
851 2367 1073 2407 feminaruin
1100 2367 1320 2406 felicitatem
1345 2365 1476 2404 mortis
1501 2365 1569 2404 ho-

184 2434 342 2473 noribus
372 2435 670 2483 propinquorum
708 2435 891 2474 tributum
928 2436 1192 2495 sit„maxime
1225 2435 1391 2473 cernitur
1429 2444 1475 2471 ex
1511 2433 1582 2482 iis,-
