1862 2676
909 53 1138 90 ..74-

327 169 445 208 verba
468 180 598 207 eorum
622 168 782 217 prosert3
822 169 960 214 LXIII.
979 171 1080 218 Atyn
1100 169 1207 218 prius
1228 181 1312 209 cum
1344 160 1512 209 tremore
1532 169 1718 208 dicentem

325 235 417 275 facit
438 248 490 274 vs.
516 238 578 274 11.

414 333 560 371 Canere
582 334 675 372 haec
696 334 776 372 suis
798 335 932 372 adorta
953 324 1012 372 est
1032 333 1278 372 tremebunda
1302 334 1515 382 comitibus,
1538 354 1593 362 -—-

328 429 464 467 deinde
488 442 542 469 vs.
577 433 641 469 49.
667 437 812 470 maesta
834 444 942 470 voce:
1004 474 1006 476 ,

473 527 641 566 Patriam
663 528 828 566 allocuta
852 536 992 568 maesta
1013 532 1071 568 est
1092 530 1146 568 ita
1169 540 1258 568 voce
1279 528 1496 567 miscriter:
1515 549 1570 556 —

325 634 365 665 at
386 628 493 667 finita
514 631 685 667 oratione
706 641 818 667 rosea
840 630 874 667 ei
895 630 994 668 labia
1018 630 1152 668 tribuit
1172 642 1227 668 vs.
1253 631 1327 677 74;

560 729 695 766 Roseis
717 734 760 766 ut
780 729 867 766 huic
889 729 1035 767 labellis
1056 730 1203 766 sonitus
1226 729 1325 766 celer
1345 729 1452 767 abiit.

325 843 438 891 Apud
469 843 660 881 Tibullum
692 844 733 892 1,
772 847 819 892 6,
859 847 925 883 49.
964 845 1140 883 sacerdos
1171 844 1373 892 Bellonae,
1411 856 1495 882 cum
1527 843 1604 882 fata
1635 843 1714 882 dic-

324 914 413 948 tura
444 916 523 949 est:

467 1026 551 1065 Stat
572 1028 675 1075 (que)
695 1027 795 1066 latus
817 1027 983 1076 praefixa
1005 1039 1111 1076 veru,
1133 1031 1211 1066 stat
1231 1029 1359 1066 saucia
1379 1032 1531 1076 pectus3

322 1131 373 1180 ΙΙ,
399 1134 437 1177 5,
463 1135 528 1172 68.
552 1133 695 1183 Sibylla
716 1134 943 1172 vaticinata:

612 1240 775 1278 lactavit
796 1239 899 1278 fusas
920 1242 986 1290 (et)
1009 1245 1120 1289 caput
1140 1244 1230 1279 ante
1251 1252 1390 1279 comas.

321 1355 506 1394 Horatius
518 1356 637 1405 Epod.
653 1357 715 1406 V.‚
726 1363 926 1406 postquam
940 1358 1048 1420 pueri
1065 1357 1273 1396 orationem
1291 1359 1478 1407 exposuit,
1490 1369 1564 1396 vss‚
1582 1359 1645 1395 11.
1659 1368 1710 1395 ss.

320 1422 413 1462 haec
435 1424 563 1462 addit:

553 1530 606 1570 Ut
625 1532 720 1569 haec
743 1531 921 1569 trementi
943 1536 1098 1580 questus
1120 1543 1186 1570 ore
1208 1532 1380 1570 constitit

610 1599 826 1648 Insignibus
848 1601 968 1649 raptis
990 1611 1097 1649 puer,

550 1669 707 1716 Impube
729 1680 876 1716 corpus,
899 1669 1011 1716 quale
1032 1673 1161 1716 posset
1181 1669 1296 1716 impia

606 1735 759 1772 Mollire
782 1735 971 1772 Thracum
993 1741 1160 1784 pectora.
1186 1756 1239 1762 —

318 1850 441 1883 Multo
464 1860 555 1883 vero
578 1850 698 1883 maior
729 1849 906 1883 similium
938 1849 1107 1883 locorum
1138 1858 1318 1883 numerus
1349 1848 1449 1894 apud
1480 1859 1545 1884 eos
1576 1853 1708 1895 poetas

318 1920 388 1967 est,
412 1916 475 1966 qui
498 1927 583 1956 cum
604 1913 752 1955 fabulas
773 1918 929 1955 narrent
949 1914 1091 1956 multos
1117 1913 1286 1956 dicentes
1307 1912 1471 1967 faciunt3
1503 1928 1550 1957 ex
1571 1916 1708 1968 quibus

317 1987 378 2022 hic
401 1988 493 2021 satis
517 1987 590 2021 erit
610 1997 655 2021 ex
677 1986 801 2021 Ovidii
823 1986 950 2020 Fastis
972 1986 1064 2021 haec
1087 1985 1272 2021 attulisse.

316 2092 420 2130 Fast.
455 2092 483 2138 Ι,
522 2094 587 2130 99.
610 2092 677 2130 Ille
708 2093 748 2141 (i.
782 2104 814 2130 e.
847 2092 976 2140 Ianus)
1011 2096 1143 2130 tenens
1174 2091 1306 2129 dextra
1337 2092 1513 2130 baculum
1543 2093 1707 2131 clavem-

1360 2169 1432 2207 que
1454 2159 1607 2198 sinistra

666 2227 798 2266 Edidit
818 2228 887 2266 hos
908 2227 1019 2265 nobis
1042 2239 1107 2266 ore
1128 2228 1256 2276 priore
1277 2239 1400 2266 sonos.

415 2338 467 2377 ib.
490 2339 582 2377 177.
606 2338 699 2377 Tum
722 2338 825 2377 Deus
847 2337 1067 2376 incumbens
1083 2337 1228 2387 baculo,
1247 2350 1357 2388 quem
1379 2338 1513 2378 dextra
1534 2337 1705 2389 gerebat,

668 2407 802 2444 Omina
823 2406 1034 2453 principiis,
1057 2406 1191 2454 inquit,
1215 2408 1337 2444 inesse
1358 2408 1493 2445 solent.
