1862 2676
754 67 981 105 -71-

291 178 442 219 Certior
463 192 483 218 e
505 179 633 218 multis
653 192 722 221 nec
739 186 818 221 tam
833 181 1020 221 invidiosa
1040 183 1171 230 rapina
1193 184 1263 219 est.

347 247 464 286 Plena
483 248 586 286 venit
604 249 707 288 cauis
727 249 773 289 de
793 261 910 299 grege
931 250 1072 298 praeda
1093 249 1204 297 lupis.

112 393 114 396 ,
175 365 270 402 quos
293 365 424 410 versus
444 353 584 402 excipit
602 360 738 403 poetae
758 357 936 394 amatoris
954 356 1208 394 obtrectatio:

299 459 397 499 Ecce
420 460 509 510 quid
530 460 601 499 iste
622 466 710 513 tuus
731 466 886 510 praeter
907 473 1005 500 nova
1025 462 1192 499 carmina
1217 465 1322 499 vates

350 528 501 567 Donat?
523 529 702 569 amatoris
723 528 841 568 millia
862 529 979 568 multa
999 529 1127 578 leges:

174 647 215 682 at
240 644 463 694 Propertius
493 645 562 684 hoc
592 646 691 684 idem
720 645 896 684 hortatur
927 635 1127 695 postquam
1152 656 1287 683 aurum
1314 644 1561 692 spectandum

175 723 248 749 non
270 713 438 750 carmina
458 712 683 759 declaravit3
710 716 754 750 ut
773 713 977 761 utrobique
1005 712 1253 750 communiter
1272 711 1404 749 florem
1425 711 1562 750 aetatis

172 779 404 818 carminibus
429 781 628 829 poetisque
663 780 846 829 neglectis
876 779 924 818 ad
950 782 1150 829 quaestum
1177 778 1445 817 conferendum
1474 789 1559 816 esse

173 848 367 887 doceatur.
393 850 499 887 Artis
521 855 648 887 autem
672 849 890 887 Amatoriae
911 848 1021 896 longe
1043 847 1117 885 alia
1137 847 1235 886 ratio
1257 851 1327 886 est.
1351 845 1447 884 Nam
1468 846 1559 895 illic,

170 916 387 964 priusquam
410 918 598 965 quomodo
619 917 739 955 amari
770 921 944 965 oporteat
974 916 1224 964 praecipitur,
1256 926 1340 954 esse
1361 915 1559 953 amandum

171 983 370 1032 probatur,
399 984 499 1032 quod
521 984 560 1021 in
581 984 650 1023 hac
672 984 861 1037 elegia-ad
887 988 1074 1022 amantem
1095 983 1256 1031 puellam
1277 982 1424 1021 directa
1445 982 1560 1020 tacite

171 1052 334 1088 sumitur
355 1054 393 1087 et
413 1052 579 1098 ponitur.
612 1052 738 1099 Atque
768 1055 812 1088 ut
841 1051 920 1089 eius
951 1050 1228 1088 adhortationis
1259 1061 1344 1088 cum
1376 1054 1557 1097 quaestus

170 1120 209 1154 et
238 1119 436 1164 poetarum
461 1118 819 1155 commemoratione
846 1118 1060 1155 coniunctio
1080 1116 1205 1155 Ovidii
1235 1117 1357 1165 elegia
1387 1115 1556 1155 defendi-

170 1187 247 1232 tur,
274 1184 328 1221 ita
354 1188 544 1223 extremus
571 1185 676 1223 locus
708 1185 929 1223 Horatianis
954 1184 1187 1222 carminibus
1207 1184 1238 1233 I,
1271 1186 1309 1222 4.
1337 1187 1400 1222 11.
1422 1184 1474 1230 ΙΙ,
1504 1187 1556 1233 3.,

170 1263 266 1300 quae
287 1252 358 1290 etsi
380 1252 525 1301 reliqua
544 1257 768 1301 argumenta
787 1253 862 1292 alia
886 1256 974 1291 sunt
999 1256 1126 1291 tamen
1151 1253 1189 1290 in
1215 1252 1355 1290 aetatis
1376 1251 1558 1291 fruendae

168 1319 470 1358 adhortationem
498 1325 651 1368 exeunt;
679 1332 905 1370 quamquam
931 1321 970 1358 in
997 1320 1082 1358 aliis
1108 1324 1151 1358 ut
1176 1320 1226 1369 ΙΙ,
1254 1322 1317 1357 14.
1340 1319 1387 1358 ab
1409 1331 1454 1358 ea
1475 1321 1558 1369 ipsa

169 1399 213 1426 re
233 1388 458 1436 principium
482 1389 655 1438 sumitur.
685 1389 878 1428 Hactenus
905 1388 951 1426 de
974 1400 1046 1426 uno
1073 1394 1317 1436 argumento:
1351 1393 1480 1426 contra
1500 1389 1556 1425 al·

167 1457 293 1492 terum
316 1455 377 1492 vix
398 1458 456 1493 est
476 1456 575 1503 quod
598 1456 779 1494 dicamus.
808 1455 917 1494 Unde
947 1456 1047 1493 enim
1073 1459 1180 1503 patet
1210 1466 1343 1493 versus
1369 1457 1556 1492 contemni

169 1524 329 1562 maxime
349 1535 463 1571 aegre
488 1523 589 1561 ferre
612 1523 882 1572 Propertium?
911 1523 1024 1572 unde,
1057 1524 1088 1561 si
1116 1524 1170 1561 ita
1190 1523 1253 1571 sit,
1285 1527 1450 1561 extremo
1471 1527 1555 1560 tan-

169 1594 247 1627 tum
270 1590 308 1627 id
329 1590 501 1637 profiteri
523 1591 714 1638 potuisse?
742 1591 841 1628 Nam
866 1591 977 1638 plane
1004 1590 1104 1628 idem
1131 1591 1178 1628 ad
1202 1588 1376 1628 Ovidium
1399 1601 1553 1637 eamque

171 1668 281 1704 quam
304 1657 499 1695 attulimus
522 1657 681 1705 elegiam
708 1658 856 1706 attinet,
884 1657 947 1706 qui
969 1658 1000 1695 si
1028 1657 1073 1695 de
1093 1657 1264 1695 versibus
1289 1668 1364 1695 non
1386 1661 1554 1694 extremo

169 1725 266 1773 loco,
289 1724 355 1762 sed
376 1725 414 1762 in
435 1725 559 1763 medio
582 1726 746 1763 carmine
771 1725 951 1773 loquitur,
983 1736 1051 1763 cur
1071 1725 1312 1772 Propertium
1338 1725 1553 1762 necessario

167 1791 290 1840 ipsum
315 1792 456 1830 exitum
478 1792 623 1841 elegiae
645 1792 867 1840 praetulisse
894 1792 1094 1840 putemus?
1121 1791 1303 1839 Reliquus
1324 1794 1383 1829 est
1403 1802 1457 1828 vs.
1482 1794 1550 1829 84.

167 1859 279 1898 Hunc
300 1860 398 1898 enim
421 1862 484 1908 qui
506 1861 546 1898 in
562 1860 755 1899 codicibus
778 1860 832 1898 sic
856 1860 1059 1898 scribitur:

400 1966 477 2004 Per
497 1970 631 2004 tenues
653 1978 739 2005 ossa
760 1959 845 2005 sunt
864 1970 1058 2004 numerata
1080 1968 1185 2003 cutes
1207 1986 1261 1992 —

166 2072 213 2111 ab
245 2072 329 2111 aliis
361 2072 471 2111 aliter
503 2077 717 2112 correctum
747 2076 785 2111 et
816 2072 1054 2121 explicatum,
1088 2069 1384 2108 Luettiohannes
1415 2070 1551 2110 leviter

167 2145 353 2178 mutatum
374 2147 416 2178 ut
437 2141 582 2178 scribat
606 2152 796 2188 ossaque
825 2151 896 2187 per
917 2144 1074 2177 tenues
1101 2150 1129 2175 s.
1152 2150 1187 2175 n.
1211 2149 1243 2176 c.
1266 2137 1313 2175 de
1339 2138 1424 2176 lena
1450 2140 1552 2178 acci-

165 2207 222 2256 pit
242 2211 281 2245 et
299 2211 386 2256 post
406 2219 459 2245 vs.
486 2209 552 2245 69.

280 2313 407 2361 Atque
428 2313 590 2350 animam
611 2313 648 2350 in
669 2316 815 2361 tegetes
837 2316 983 2361 putrem
1005 2313 1198 2360 exspirare
1224 2315 1405 2359 paternas

165 2420 340 2466 collocat,
363 2422 402 2456 at
421 2430 475 2457 vs.
502 2420 567 2457 70.
