1862 2676
662 65 949 117 '-45—

379 191 604 240 Felicesque
628 192 740 231 Iovis&
749 193 877 231 stellas
898 188 1112 240 Martisque
1134 191 1286 241 rapacis

437 259 490 299 Et
509 270 626 308 grave
645 259 801 300 Saturni
822 260 925 300 sidus
945 261 983 298 in
1004 271 1112 299 omne
1133 262 1260 308 caput,

378 326 478 375 Quid
496 332 669 367 moveant
685 329 812 386 pisces
833 328 1077 376 animosaque
1098 328 1204 377 signa
1225 327 1363 366 Leonis

437 397 557 436 Lotus
578 401 616 437 et
634 398 824 446 Hesperia
843 397 934 446 quid
954 396 1208 446 Capricornus
1229 408 1340 446 aqua.

381 465 526 512 Dicam,
549 463 664 504 Troia
683 466 796 504 cades
817 470 857 503 et
878 465 1015 504 Troica
1034 466 1155 503 Roma
1175 476 1354 513 resurges

438 534 489 572 Et
509 534 624 573 maris
646 537 686 573 et
706 538 833 572 terrae
853 534 965 582 longa
986 533 1157 582 sepulcra
1179 544 1323 571 canam.
1341 555 1390 562 —

148 654 251 703 Quos
271 666 356 694 cum
376 666 444 693 suo
466 655 546 693 loco
568 658 694 694 movet
720 655 1020 694 Luettiohannes
1045 655 1203 703 primam
1228 655 1325 693 hanc
1349 655 1534 693 rationem

147 726 332 774 sequitur,
355 724 457 772 quod
477 725 557 773 ipse
578 736 704 763 secum
720 728 860 775 pugnet
875 726 1122 773 horoscopus,
1145 725 1208 772 qui
1230 736 1314 762 cum
1337 724 1408 762 sibi
1423 723 1532 762 fidem

147 804 222 831 non
251 792 447 841 prioribus
476 792 677 832 Chaldaeis
702 793 882 841 vindicet,
904 804 972 831 suo
993 796 1163 840 tempore
1188 792 1406 840 astrologos
1429 803 1532 830 men·

146 861 255 899 dacia
274 860 445 909 proferre
467 860 641 899 affirmet.
660 862 712 898 At
731 861 804 899 hoc
825 860 976 909 quidem
997 864 1073 897 tam
1093 863 1225 908 aperte
1246 859 1382 897 falsum
1404 865 1474 908 est,
1493 864 1535 898 ut

147 939 267 977 paene
288 928 431 977 pudeat
453 928 659 977 quidquam
685 931 816 967 contra
842 929 980 967 dicere.
1009 928 1106 976 Quid
1132 929 1255 966 enim?
1283 926 1324 965 Si
1350 928 1450 966 idem
1473 928 1533 966 ille

145 995 381 1045 horoscopus
403 1007 436 1033 v,
462 998 529 1033 75.
554 1008 583 1034 s.
951 1001 954 1004 ⁴

379 1112 493 1151 Certa
513 1112 634 1150 feram
657 1113 772 1151 certis
793 1112 1037 1151 auctoribus:
1059 1117 1125 1150 aut
1146 1124 1215 1160 ego
1235 1118 1342 1151 vates

436 1180 596 1218 Nescius
618 1183 749 1218 aerata
770 1181 877 1229 signa
898 1191 1050 1218 movere
1070 1181 1148 1229 pila
1174 1201 1224 1208 —

145 1308 275 1335 verum
299 1307 339 1334 se
361 1301 484 1334 vatem
505 1295 720 1345 profitetur,
743 1297 774 1334 si
796 1308 830 1353 y.
856 1298 923 1335 77.
947 1308 978 1334 s.

377 1413 443 1450 Me
465 1417 570 1451 creat
591 1413 785 1461 Archytae
807 1413 953 1451 soboles
975 1412 1207 1461 Babylonius
1228 1414 1370 1462 Horos,

436 1480 577 1530 Euros,
601 1483 641 1519 et
660 1492 683 1519 a
703 1492 846 1529 proavo
869 1480 984 1519 ducta
1006 1480 1156 1519 Conone
1178 1481 1309 1520 domus
1326 1504 1372 1509 -

147 1596 334 1645 originem
351 1608 456 1634 suam
480 1608 503 1634 a
519 1596 737 1633 clarissimis
753 1596 957 1643 astrologis
973 1597 1124 1644 repetit,
1143 1597 1174 1634 si
1192 1597 1354 1646 denique
1371 1609 1404 1636 V.
1420 1599 1486 1636 79.
1505 1609 1533 1635 s.

379 1713 427 1751 Di
449 1713 541 1750 mihi
563 1714 640 1751 siut
660 1716 780 1751 testes
801 1724 877 1751 non
900 1713 1148 1761 degenerasse
1169 1714 1400 1762 propinquos

436 1782 558 1831 Inque
579 1782 672 1820 meis
693 1782 801 1821 libris
823 1782 876 1820 nil
895 1782 1002 1831 prius
1025 1792 1108 1820 esse
1129 1781 1203 1820 fide
1218 1803 1267 1810 —

149 1914 188 1942 se
208 1906 324 1953 negat
345 1904 619 1952 degenerasse:
650 1905 734 1953 quis
760 1915 834 1942 non
860 1904 964 1942 videt
989 1915 1073 1942 eum
1096 1910 1135 1942 et
1154 1903 1268 1942 fidem
1288 1915 1378 1943 suae
1399 1905 1536 1943 vatici-

148 1971 293 2010 nationi
313 1972 360 2010 ab
382 1972 549 2021 antiquis
577 1973 634 2010 sui
659 1973 810 2021 generis
837 1972 1040 2020 astrologis
1066 1976 1237 2020 repetere
1263 1976 1301 2010 et
1326 1985 1375 2011 ne
1400 1973 1448 2012 ab
1474 1985 1536 2013 ae-

149 2039 324 2095 qualibus
344 2040 667 2089 mendacibusque
694 2041 895 2089 astrologis
926 2041 972 2078 de
995 2051 1034 2077 se
1061 2040 1278 2078 coniectura
1297 2039 1366 2079 fiat
1387 2053 1536 2080 cavere.

150 2107 315 2147 Gravius
336 2109 369 2147 si
391 2120 466 2147 non
488 2114 546 2147 est
566 2114 607 2147 at
627 2110 775 2148 videtur
796 2114 923 2148 tamen
945 2108 1049 2157 illud,
1072 2108 1173 2157 quod
1194 2114 1310 2157 negat
1329 2121 1401 2148 nec
1422 2111 1539 2149 verba

148 2176 362 2224 obliquae
385 2177 511 2224 signa
531 2177 701 2215 iterata
722 2181 850 2215 rotae
871 2182 910 2215 et
930 2187 1027 2224 quae
1048 2180 1258 2223 sequuntur
1277 2177 1420 2216 habere
1441 2178 1540 2217 unde

147 2244 337 2294 pendeant
357 2255 480 2294 neque
511 2245 575 2283 illa
597 2245 729 2285 Troia
760 2246 889 2285 cades
922 2248 965 2283 et
986 2245 1148 2284 Troica
1169 2246 1303 2285 Roma
1328 2257 1538 2297 resurges

147 2312 259 2351 facile
281 2313 479 2361 explicari,
503 2325 587 2351 cum
609 2315 841 2362 horoscopus
863 2314 1059 2361 Propertii
1081 2326 1153 2352 non
1177 2314 1340 2352 Troiae
1361 2315 1440 2354 fata
1459 2317 1537 2353 edi-

147 2383 259 2419 turus
280 2381 341 2420 sit.
376 2379 491 2419 Certe
514 2381 666 2430 quidem
689 2382 916 2432 interpretes
938 2381 1107 2421 videmus
1133 2383 1171 2420 in
1192 2383 1253 2421 his
1272 2384 1444 2423 versibus
1463 2395 1539 2423 non

148 2460 305 2497 parvam
332 2461 487 2499 operam
518 2452 783 2490 consumsisse.
816 2451 919 2499 Quae
952 2456 1077 2490 tamen
1106 2451 1308 2491 difficultas
1333 2464 1407 2491 non
1434 2456 1541 2493 tanta
