1862 2676
885 74 1116 112 —28-

299 190 419 228 certis
449 190 598 239 legibus
630 200 726 239 quae
752 189 792 227 in
817 190 918 228 hunc
939 190 1063 228 locum
1083 200 1158 228 non
1178 190 1318 229 cadant
1339 175 1594 240 contineatur,
1626 191 1697 229 hoc

300 261 429 298 autem
448 258 488 297 in
507 258 607 298 libro
627 258 734 307 leges
749 258 1001 307 prosodiacae
1017 257 1236 307 religiosius
1253 269 1365 308 quam
1380 258 1418 297 in
1435 258 1698 308 superioribus

300 326 566 365 observentur.
600 318 812 365 Praeterea
831 327 924 365 haec
946 325 1070 385 affert.
1102 325 1303 366 offendere
1322 327 1363 364 in
1383 326 1512 376 priore
1533 324 1698 365 disticho

298 394 479 433 omissum
499 393 675 443 verbum,
708 393 809 444 quod
838 397 938 433 erat
961 393 1022 432 vel
1043 397 1171 433 erant
1190 391 1302 433 facile
1323 405 1370 433 ex
1390 393 1548 443 reliquis
1569 393 1697 433 verbis

298 461 538 511 intelligatur
565 473 635 500 nec
667 462 800 500 stetit
829 461 889 499 vel
919 464 1147 500 steterunt
1178 472 1223 499 ex
1253 461 1435 500 inferiore
1460 461 1498 499 in
1525 460 1699 511 superius

299 529 491 569 distichon
511 529 633 579 possit
652 529 837 578 revocari,
861 540 946 568 cum
962 528 1134 568 Bovillae
1155 528 1355 568 etiamtum
1375 529 1566 578 steterint,
1588 528 1700 568 turba

301 602 428 637 autem
448 598 497 637 ad
519 598 620 637 cives
640 609 715 636 non
735 597 782 636 ad
804 597 936 636 urbem
959 595 1167 636 Gabiorum
1188 600 1346 646 spectet.
1398 597 1547 637 Deinde
1572 598 1700 646 inepte

302 665 379 705 dici
409 665 574 705 Bovillas
604 665 816 716 posteriore
846 668 1018 714 tempore
1049 664 1170 703 fuisse
1203 664 1460 713 suburbanas,
1497 664 1584 703 olim
1625 675 1698 703 non

300 733 435 784 fuisse,
459 746 544 773 cum
564 738 668 772 certe
690 737 771 772 tum
793 744 943 782 quoque
958 744 1032 772 non
1050 733 1167 771 multo
1184 733 1411 772 remotiores
1426 732 1582 771 fuerint.
1603 732 1698 771 Tum

303 791 417 842 Gabi
436 813 506 853 pro
528 801 662 842 Gabii
683 801 891 851 offendere,
924 812 1010 841 eum
1040 803 1193 850 praeter
1223 801 1267 840 di
1298 811 1368 850 pro
1400 800 1480 850 dii,
1510 800 1524 839 i
1554 810 1623 849 pro
1654 800 1699 849 ii,

302 871 417 909 idem
439 882 510 919 pro
530 870 664 908 iidem
686 871 725 907 in
745 870 989 908 nominativis
1008 870 1035 906 ii
1055 870 1093 906 in
1114 869 1128 906 i
1148 880 1222 907 non
1243 868 1507 916 cantrahatur,
1530 868 1562 906 si
1581 867 1699 915 Verg.

305 939 400 977 Aen.
424 938 517 986 VII,
543 939 638 977 631.
681 936 825 987 (Ardea
846 935 1161 985 Crustumerique
1183 938 1223 974 et
1243 935 1457 984 turrigerae
1479 934 1702 982 Antemnae)

303 1007 481 1055 excipias,
503 1006 569 1044 ubi
589 1006 754 1043 metrica
774 1005 1003 1042 necessitate
1024 1004 1119 1041 haec
1140 1003 1352 1041 contractio
1374 1001 1613 1050 defendatur,
1635 1013 1703 1041 nec

304 1074 509 1124 quidquam
536 1085 583 1113 ex
607 1071 922 1121 inscriptionibus
942 1071 1008 1110 ubi
1028 1071 1106 1109 sint
1126 1070 1267 1110 similes
1288 1070 1563 1109 contractiones
1582 1069 1704 1119 possit

304 1143 451 1182 coniici.
477 1142 650 1189 Denique
671 1140 860 1179 offendere
882 1139 1136 1189 synaloephen
1157 1139 1195 1176 in
1216 1139 1347 1187 longe
1369 1142 1479 1177 erat.
1531 1139 1631 1177 Nam
1657 1149 1703 1176 ne

305 1211 345 1248 in
366 1210 488 1249 altera
508 1209 671 1260 quinarii
691 1210 803 1257 parte
824 1207 958 1256 longae
979 1207 1133 1244 brevem
1150 1205 1420 1254 subiungerent
1440 1208 1572 1254 poetas
1593 1205 1703 1243 anxie

307 1279 471 1327 cavisse,
504 1289 548 1316 ac
579 1277 612 1315 si
643 1279 770 1314 tamen
792 1274 1033 1323 reperiantur
1054 1273 1202 1322 aliquot
1222 1273 1394 1321 exempla
1415 1272 1573 1321 Catulli,
1606 1272 1703 1311 Pro-

305 1346 433 1395 pertii,
451 1344 618 1384 auctoris
635 1342 820 1392 epistolae
837 1341 990 1380 Acontii
1006 1341 1054 1379 ad
1072 1339 1267 1390 Cydippen
1278 1339 1404 1390 (Ovid.
1419 1339 1575 1378 Heroid.
1589 1339 1702 1387 XX.),

306 1414 486 1463 Ausonii,
513 1417 642 1452 tamen
675 1423 746 1451 nec
784 1410 992 1458 Catullum,
1025 1409 1089 1457 qui
1119 1408 1338 1447 liberiorem
1367 1419 1478 1446 usum
1508 1409 1702 1455 sequatur,

305 1494 426 1531 neque
447 1482 675 1528 Ausonium,
699 1480 763 1528 qui
783 1479 967 1527 temporis
989 1478 1040 1516 sit
1059 1477 1302 1525 posterioris,
1322 1475 1529 1523 quidquam
1550 1474 1703 1512 demon-

307 1555 451 1598 strare3
482 1554 522 1589 at
544 1549 644 1599 quod
665 1550 703 1587 in
724 1548 884 1597 epistola
905 1546 1059 1585 Acontii
1079 1547 1129 1595 (v,
1158 1545 1269 1593 178.)
1292 1543 1458 1582 dicatur:
1482 1544 1605 1581 certe
1627 1550 1705 1589 ego

307 1619 455 1658 salvus
477 1630 571 1666 ero,
602 1628 811 1665 pronomen
842 1627 922 1664 ego
949 1614 1169 1662 saepissime
1191 1612 1357 1651 omnium
1379 1611 1513 1659 longae
1535 1608 1704 1658 syllabae

309 1687 462 1736 subiici,
486 1686 660 1735 quodque
681 1683 906 1733 Propertius
926 1683 977 1732 II,
1003 1684 1069 1731 14,
1097 1682 1162 1720 18.
1195 1680 1314 1719 dicat:
1347 1689 1472 1718 nemo
1493 1677 1537 1715 in
1557 1686 1705 1715 amore

308 1756 448 1804 videt,
471 1755 725 1803 quantitatem
750 1752 1086 1799 nominativorum,
1118 1749 1404 1794 adverbiorum,
1437 1745 1644 1784 verborum
1669 1745 1707 1781 in

308 1835 329 1862 o
356 1823 609 1862 desinentium
640 1833 715 1860 non
747 1820 916 1860 eiusdem
939 1831 982 1858 ac
1004 1822 1152 1858 ceteras
1171 1817 1303 1866 longas
1323 1825 1405 1854 esse
1426 1818 1603 1861 naturae,
1640 1811 1707 1850 sed

260 1892 263 1895 ’
309 1892 373 1930 illo
393 1892 470 1929 iam
492 1896 662 1939 tempore
679 1890 833 1927 brevem
850 1900 896 1926 ex
911 1889 1025 1935 longa
1040 1886 1136 1924 fieri.
1161 1884 1224 1923 Sic
1238 1882 1567 1930 Eschenburgius:
1592 1879 1708 1918 Cuius

310 1960 358 1999 ad
378 1959 545 2008 primum
567 1961 848 2007 argumentum,
872 1955 961 2005 quia
981 1965 1054 1992 non
1076 1952 1257 1992 adversus
1275 1950 1446 1990 codicum
1467 1953 1507 1988 et
1516 1946 1709 1996 Propertii

311 2028 428 2067 verba
453 2027 521 2066 sed
547 2026 730 2065 adversus
752 2025 1008 2064 coniecturam
1029 2021 1259 2061 Lachmanni
1282 2020 1469 2059 directum
1492 2022 1567 2064 est,
1600 2014 1709 2054 nobis

310 2108 383 2135 non
405 2100 538 2135 contra
559 2106 604 2133 ea
625 2105 722 2143 quae
743 2094 823 2143 ipse
844 2090 1011 2142 profert,
1044 2091 1112 2129 sed
1145 2092 1278 2128 contra
1297 2099 1382 2127 eum
1405 2097 1514 2136 quem
1537 2084 1709 2133 sequitur

311 2165 593 2204 Lachmannum
615 2161 885 2211 disputandum
907 2161 990 2199 erit.
1035 2159 1110 2198 Hic
1141 2158 1180 2196 in
1212 2157 1376 2196 editione
1403 2154 1491 2194 anni
1516 2153 1639 2193 1816.
1662 2151 1710 2191 ad

312 2245 369 2272 vs.
394 2235 460 2271 33.
513 2233 750 2280 Interpretes
771 2229 958 2278 Bovillas,
981 2227 1122 2276 inquit,
1146 2226 1268 2263 minus
1291 2223 1528 2263 suburbanas
1550 2221 1625 2259 dici
1645 2231 1710 2257 vo-

312 2303 408 2350 lunt,
431 2312 515 2339 cum
534 2300 740 2339 verborum
763 2298 961 2337 collocatio
981 2294 1166 2346 postulat,
1200 2295 1244 2332 ut
1273 2291 1384 2331 urbe
1411 2290 1553 2329 minus
1574 2297 1712 2338 parva

313 2371 528 2419 iungamus,
552 2368 651 2416 quod
672 2367 878 2406 absurdum
898 2365 1010 2404 foret.
1064 2363 1163 2411 Quin
1188 2361 1357 2400 Bovillae
1377 2363 1457 2398 tum
1479 2369 1551 2396 non
1574 2356 1711 2403 minus,

318 2439 385 2478 sed
414 2437 528 2488 plane
558 2448 633 2476 non
664 2435 904 2475 suburbanae
935 2436 1055 2473 erant.
1108 2431 1280 2481 Repone:
1308 2427 1454 2479 Quippe
1474 2424 1713 2466 suburbanae
