1862 2676
440 163 540 203 Nam
560 174 635 213 quo
653 166 733 203 tam
752 161 894 217 dubiae
912 156 1090 204 servetur
1108 164 1267 213 suffitus
1280 163 1435 207 rhomae?
1454 192 1461 198 -.
1530 159 1533 162 ’

499 231 676 271 Nestoris
697 230 759 271 est
777 231 883 271 visus
902 234 991 281 post
1007 232 1088 272 tria
1106 231 1233 272 saecla
1251 231 1359 272 cinis.
1509 236 1511 239 ’

442 299 515 339 Cui
534 303 613 340 tam
632 299 839 351 longaevae
857 299 1062 340 minuisset
1080 299 1159 341 fata
1179 303 1358 341 senectae

501 366 669 408 Gallicus
689 368 817 408 Iliacis
836 368 946 408 miles
964 369 1005 408 in
1024 368 1245 419 aggeribus!
1271 391 1321 398 --

236 477 269 516 si
299 488 355 515 vs.
390 478 459 515 45.
493 487 545 515 ss.
579 475 674 515 satis
706 475 1003 526 considerasset,
1047 477 1183 527 quibus
1214 477 1358 518 Nestor
1387 479 1421 517 si
1451 479 1637 535 maturius

238 545 382 583 obisset
411 555 590 594 ,magnam
621 544 878 584 calamitatem
914 556 989 584 non
1021 546 1173 585 visurus
1207 545 1323 586 fuisse
1354 545 1506 586 dicitur.
1544 547 1645 586 Inde

237 613 337 652 enim
362 613 487 652 elucet
515 612 773 663 Propertium,
801 617 1004 664 postquam
1034 619 1073 654 et
1101 615 1219 654 vitam
1252 615 1460 655 declararit
1491 626 1637 654 omnem

237 682 360 721 amori
381 681 548 721 deditam
570 685 609 720 et
628 681 742 721 funus
763 693 873 721 suum
894 683 927 721 si
949 683 1098 732 quando
1118 682 1290 723 futurum
1302 686 1403 723 esset
1422 683 1638 732 mortuique

238 751 458 790 memoriam
489 751 633 789 amicae
659 751 908 801 commiserit,
930 750 1076 791 idcirco
1107 763 1148 791 se
1174 752 1250 791 iam
1275 752 1422 802 pridem
1447 755 1640 791 mortuum

238 831 394 869 cupere,
416 820 518 870 quod
539 820 571 858 si
591 820 775 869 parvulus
797 824 897 860 esset
916 823 1090 860 mortuus
1112 820 1299 871 Cynthiae
1324 832 1492 861 amorem
1512 821 1639 870 sepul-

239 893 426 939 turaeque
455 899 588 928 curam
612 889 790 928 amittere
816 900 889 928 non
914 892 1056 939 posset.
1085 889 1182 928 Nam
1207 889 1318 928 aliter
1344 893 1383 928 et
1408 901 1475 929 cur
1495 890 1640 929 Nestor

239 959 475 996 memoretur
495 957 659 1005 intelligi
680 957 743 995 vix
762 958 915 1006 poterit,
939 960 979 996 et
999 969 1066 996 cur
1082 969 1137 996 vs.
1159 959 1224 997 51.
1248 958 1475 1008 Propertius
1497 959 1578 1007 ipse
1600 970 1640 997 se

239 1029 418 1073 tanquam
444 1024 685 1064 consoletur:
719 1025 778 1063 Tu
794 1028 920 1064 tamen
939 1026 1078 1064 omisso
1093 1037 1363 1075 nonnunquam
1378 1025 1487 1065 flebis
1503 1026 1638 1067 amico.

239 1094 301 1133 Sic
333 1094 433 1133 enim
464 1105 531 1143 spe
561 1093 650 1132 fidei
682 1093 865 1142 perfidiae
894 1094 1024 1133 timori
1055 1095 1238 1143 occurrit;
1272 1106 1384 1144 quem
1416 1095 1592 1134 timorem
1619 1108 1642 1135 a

239 1162 446 1213 Propertio
467 1174 541 1202 non
563 1174 645 1202 esse
667 1162 832 1202 alienum
854 1161 1100 1202 confirmatur
1120 1163 1230 1202 initio
1251 1163 1282 1213 Ι,
1311 1165 1375 1203 19.

356 1270 443 1325 N0¹.¹
464 1282 535 1320 ego
557 1282 657 1310 nunc
678 1271 812 1310 tristes
833 1282 969 1310 vereor
989 1282 1074 1310 mea
1094 1271 1259 1321 Cynthia
1279 1271 1413 1311 Manes
1436 1295 1487 1301 -

356 1325 432 1380 Sed
441 1351 499 1386 ,ne
520 1339 622 1378 forte
644 1343 710 1379 tuo
732 1343 863 1392 careat
882 1340 976 1378 mihi
997 1339 1110 1378 funus
1131 1351 1270 1378 amore.

445 1408 520 1448 Hic
541 1408 656 1447 timor
677 1411 736 1447 est
753 1408 850 1457 ipsis
869 1408 1000 1447 durior
1019 1408 1201 1457 exequiis.

328 1527 370 1566 Si
393 1526 478 1574 quis
501 1529 630 1565 autem
656 1528 791 1564 contra
816 1525 933 1574 dicat,
961 1525 1025 1574 qui
1051 1526 1089 1563 in
1116 1525 1224 1564 cunis
1252 1529 1354 1564 esset
1379 1529 1566 1575 mortuus,
1595 1538 1639 1566 eo

240 1596 323 1645 ipso
336 1593 526 1643 Cynthiae
547 1604 713 1632 amorem
734 1593 975 1642 perditurum
997 1592 1130 1641 fuisse,
1147 1604 1233 1631 eum
1253 1593 1299 1632 de
1322 1593 1515 1632 ceratinae
1537 1595 1640 1633 solu-

242 1663 344 1701 tione
377 1662 636 1700 admonemus.
669 1661 804 1710 Neque
836 1661 935 1700 enim
961 1673 1057 1710 quae
1084 1673 1158 1700 non
1183 1661 1417 1711 perdidimus
1443 1663 1640 1713 habemus,

241 1742 363 1781 neque
384 1741 480 1781 quae
501 1741 578 1770 non
599 1730 783 1769 habemus
804 1741 1002 1779 possumus
1021 1728 1193 1780 perdere.
1222 1729 1314 1778 Quis
1340 1733 1465 1770 autem
1487 1743 1562 1770 non
1584 1731 1638 1771 vi-

242 1801 330 1840 deat
361 1811 551 1849 nunquam
586 1799 753 1838 habendi
789 1798 908 1838 multo
944 1798 1153 1838 faciliorem
1194 1810 1308 1848 quam
1342 1799 1526 1849 perdendi
1558 1811 1639 1839 esse

241 1868 449 1909 rationem?
469 1868 543 1908 Sed
563 1879 610 1907 ne
632 1867 680 1907 ab
701 1868 773 1907 hac
790 1868 941 1917 quidem
962 1867 1084 1917 elegia
1102 1868 1136 1907 is
1158 1867 1272 1907 timor
1293 1870 1353 1907 est
1362 1868 1519 1908 alienus.
1536 1869 1634 1908 Nam

243 1938 422 1988 quidquid
449 1937 544 1976 dicit
579 1936 874 1986 Hertzbergius:
908 1937 973 1985 qui
1003 1939 1136 1985 pectus
1162 1949 1269 1975 suum
1300 1938 1638 1976 innumerabilibus

242 2006 396 2057 spiculis
416 2004 639 2045 transfixum
660 2005 717 2044 ait
737 2005 787 2056 (v.
817 2005 881 2056 1.),
905 2005 970 2055 qui
995 2016 1083 2043 mox
1102 2006 1152 2055 (v.
1180 2006 1262 2056 13.)
1283 2005 1394 2044 dicit:
1427 2006 1532 2045 Haec
1564 2006 1638 2045 ubi

244 2075 541 2125 contigerint,
563 2096 613 2101 —
641 2086 734 2113 non:
757 2074 860 2123 quia
880 2074 1169 2122 contigerunt
1197 2097 1240 2101 -
1267 2078 1322 2113 et:
1346 2075 1379 2113 si
1400 2074 1499 2113 forte
1519 2075 1636 2114 bonas

243 2143 291 2183 ad
315 2154 446 2194 pacem
476 2142 670 2184 verterit
691 2153 814 2193 aures,
832 2152 996 2181 —nont
1030 2142 1145 2192 quod
1168 2142 1336 2183 avertit:
1363 2143 1396 2182 is
1428 2155 1502 2182 non
1534 2147 1636 2183 sorte

243 2224 313 2253 sua
344 2224 454 2262 quam
485 2213 549 2262 qui
569 2212 731 2251 maxime
763 2214 968 2252 contentus
1004 2215 1074 2261 est,
1109 2212 1177 2250 sed
1206 2212 1326 2261 magis
1357 2215 1463 2261 optat
1488 2212 1527 2251 id
1563 2225 1636 2262 quo

243 2283 352 2322 caret
377 2291 487 2330 quam
510 2280 550 2320 id
572 2280 693 2331 jactat
718 2280 818 2330 quod
844 2279 972 2320 habet.
1002 2279 1105 2328 Quae
1127 2281 1159 2319 si
1180 2280 1235 2319 ita
1255 2284 1355 2330 sunt,
1380 2281 1444 2331 qui
1465 2284 1634 2320 extremo

244 2350 411 2390 carmine
431 2352 554 2389 metus
574 2349 804 2399 declaratur,
830 2361 904 2390 non
931 2348 984 2404 ibi
1008 2360 1127 2389 novus
1147 2349 1351 2398 inducitur,
1374 2350 1439 2389 sed
1461 2353 1634 2389 retentus

244 2420 351 2470 prius
383 2421 423 2458 et
452 2418 642 2458 coercitus
673 2418 872 2467 aliquando
909 2418 1086 2467 erumpit.
1119 2439 1172 2446 —
1196 2417 1247 2456 At
1275 2418 1359 2467 quis
1385 2430 1562 2467 unquam,
1589 2430 1635 2458 ne
