1862 2676
893 82 1124 120 -56-

307 198 521 237 solitudinis
542 199 777 246 Arethusae3
801 210 897 247 quae
919 210 1005 238 cum
1026 210 1048 236 a
1068 210 1123 237 vs.
1149 200 1216 236 29.
1242 210 1360 250 usque
1378 198 1430 236 ‘ad
1448 200 1508 236 ‘vs.
1527 200 1595 236 42.
1619 208 1708 246 per-

306 267 429 305 tineat
454 266 551 305 male
572 267 878 315 interrumpatur
909 266 1083 305 versibus
1107 267 1159 305 38
1176 287 1227 295 —
1244 268 1309 306 50.
1328 266 1421 305 Tum
1445 277 1493 305 ex
1511 265 1577 304 illo
1599 277 1706 314 nam,

308 335 407 383 quod
429 338 488 373 est
509 335 545 373 in
569 347 624 374 vs.
652 337 716 373 51.
743 336 825 374 Hoc
846 336 945 374 enim
969 347 1083 374 versu
1104 338 1144 373 et
1163 336 1336 383 sequenti
1362 334 1501 373 nullius
1517 335 1573 372 rei
1599 334 1706 372 reddi

306 403 506 451 rationem,
539 404 610 441 nisi
632 414 700 442 cur
725 403 919 442 Arethusa
939 402 1092 441 sordida
1120 406 1249 441 utatur
1273 406 1393 451 veste,
1417 414 1488 441 non
1509 403 1590 441 eius
1612 413 1708 451 quae

308 470 510 510 antecedat
532 473 754 510 sententiae.
778 472 980 510 Postremo
1002 483 1048 510 ex
1071 483 1146 510 vss.
1171 473 1238 509 40.
1262 484 1310 520 s.‚
1335 483 1496 521 quorum
1517 471 1707 519 generalis

308 540 499 577 sententia
519 551 642 587 neque
663 540 724 578 hic
752 540 799 577 ad
822 551 902 577 rem
930 540 1118 588 pertineat
1142 550 1265 588 neque
1290 551 1450 588 usquam
1476 543 1564 588 apte
1590 550 1708 577 enun-

307 607 442 655 cietur,
466 608 537 646 nisi
559 607 597 645 id
619 614 708 656 agat
729 608 938 655 Arethusa,
967 612 1009 646 ut
1031 620 1069 646 se
1091 615 1249 656 propter
1274 609 1405 646 mariti
1427 619 1591 646 amorem
1614 606 1707 645 faci-

306 675 380 712 lius
403 680 615 713 castrorum
639 675 810 723 pericula
831 676 1083 714 toleraturam
1104 676 1291 714 ostendat.
1312 675 1454 713 Contra
1471 686 1567 723 quae
1584 675 1708 712 omnia

307 742 480 781 breviter
500 742 701 781 dicendum
726 743 916 782 existimo.
946 742 1181 791 Quamquam
1204 742 1249 780 de
1280 743 1541 791 at·pa1·ticula
1567 743 1629 781 vix
1650 747 1709 780 est

310 811 409 858 quod
436 811 618 849 dicamus.
654 812 885 849 Arethusam
918 811 1015 848 enim
1049 822 1133 848 cum
1166 811 1431 860 superioribus
1463 810 1636 849 versibus
1663 810 1709 849 de

310 878 456 927 Lycota
487 879 612 928 dicat,
651 891 673 917 a
705 891 818 918 versu
848 881 913 917 29.
949 879 994 918 de
1022 891 1062 917 se
1095 879 1221 918 dicere
1248 879 1416 927 incipiat,
1450 890 1495 917 ea
1523 879 1711 927 particula

309 948 431 996 ipsam
453 959 492 985 se
514 947 567 985 illi
590 959 781 995 opponere
804 948 1043 995 intelligitur.
1078 948 1160 985 Hoc
1182 948 1333 996 quidem
1351 951 1429 985 tam
1447 951 1619 995 apertum
1637 951 1708 994 est,

309 1018 352 1052 ut
372 1015 608 1052 documentis
630 1026 703 1052 non
727 1019 848 1062 egeat.
875 1014 916 1052 Si
938 1015 1022 1062 quis
1044 1019 1170 1052 tamen
1192 1015 1330 1052 similia
1352 1015 1503 1064 quaerit
1524 1014 1709 1064 exempla,

310 1083 404 1119 satis
430 1082 549 1120 multa
578 1082 736 1130 praebet
763 1082 922 1120 Ovidius
953 1083 991 1119 in
1014 1082 1257 1120 Heroidibus.
1292 1082 1387 1120 Nam
1409 1082 1556 1131 Phyllis
1583 1094 1667 1120 cum
1688 1094 1711 1120 a

309 1161 376 1187 suo
399 1149 591 1188 desiderio
615 1150 661 1187 ad
684 1150 974 1198 Demophoonta
996 1150 1136 1188 transit
1157 1150 1207 1198 II,
1234 1152 1299 1188 23.

428 1267 480 1303 At
501 1270 544 1302 tu
565 1265 701 1311 lentus,
726 1266 862 1313 inquit,
886 1265 989 1313 abes,
1013 1276 1082 1302 nec
1105 1269 1142 1303 te
1164 1266 1289 1303 iurata
1311 1265 1501 1303 reducunt

428 1333 615 1378 Numina3
641 1355 695 1360 --

310 1448 442 1487 eadem
465 1460 550 1486 cum
572 1448 620 1486 ab
644 1448 709 1486 illo
732 1448 778 1486 ad
802 1459 841 1487 se
863 1448 1074 1486 revertitur
1096 1449 1195 1498 (45.)

427 1556 480 1592 At
500 1555 647 1593 laceras
668 1556 782 1592 etiam
805 1566 952 1603 puppes
974 1554 1121 1593 furiosa
1143 1553 1282 1601 refeci;

312 1662 531 1710 Hermione,
556 1662 620 1700 ubi
642 1674 664 1699 a
685 1663 763 1699 suis
784 1662 890 1699 malis
912 1662 960 1699 ad
982 1661 1157 1699 Orestam
1185 1661 1480 1710 transgreditur,
1511 1662 1616 1710 VIII,
1645 1664 1708 1700 15.

428 1780 479 1816 At
500 1782 555 1826 tu,
579 1779 717 1826 inquit,
741 1789 832 1816 cura
852 1779 925 1816 mei
948 1779 980 1816 si
1002 1783 1040 1816 te
1061 1779 1126 1826 pia
1147 1779 1281 1826 tangit,
1306 1777 1456 1826 Oresta,

486 1845 602 1883 Iniice
624 1857 697 1883 non
721 1845 873 1883 timidas
894 1848 933 1884 in
956 1850 1023 1883 tua
1044 1845 1130 1883 iura
1151 1856 1306 1891 manus;
1334 1867 1389 1872 —

312 1963 631 2012 Hypermnestra,
663 1963 725 2000 ubi
751 1967 838 2010 post
863 1974 955 2000 suae
983 1963 1200 2000 solitudinis
1232 1962 1523 2009 descriptionem
1557 1961 1712 2010 Lyncea

310 2030 477 2079 appellat
496 2029 604 2078 XIV,
633 2032 725 2068 123.

427 2138 478 2174 At
499 2141 553 2185 tu,
578 2137 607 2173 si
632 2147 707 2184 qua
727 2136 812 2185 piae
834 2136 988 2184 Lyncen
1011 2135 1080 2172 tibi
1104 2146 1195 2172 cura
1217 2136 1372 2173 sororis.
1396 2157 1454 2163 -

310 2243 446 2291 Neque
467 2243 561 2280 illud
582 2246 733 2291 oportet
754 2242 962 2290 offendere,
991 2242 1091 2290 quod
1118 2245 1163 2279 at
1188 2253 1272 2279 cum
1299 2242 1449 2290 obliquo
1472 2253 1564 2279 casu
1585 2241 1709 2289 mihi,

309 2322 383 2349 non
417 2321 503 2348 cum
535 2321 613 2358 ego
646 2311 890 2349 coniunctum
921 2313 997 2357 est,
1030 2309 1102 2347 etsi
1135 2309 1328 2348 Arethusa
1358 2321 1433 2348 non
1463 2313 1591 2348 noctes
1622 2319 1712 2347 suas

311 2379 482 2428 Lycotae
504 2378 696 2427 noctibus,
725 2379 793 2417 sed
817 2389 914 2426 quae
937 2378 1022 2426 ipsa
1043 2377 1159 2416 faciat
1185 2378 1232 2417 iis
1259 2389 1355 2427 quae
1376 2378 1438 2416 ille
1461 2377 1578 2416 faciat
1597 2388 1713 2426 oppo-

309 2448 376 2486 nit.
400 2447 498 2486 Nam
520 2446 609 2484 alibi
637 2458 786 2495 quoque
813 2445 869 2493 fit,
903 2449 945 2484 ut
976 2456 1072 2493 quae
1097 2452 1160 2485 res
1185 2447 1298 2486 alteri
1325 2447 1382 2484 rei
1408 2445 1613 2495 opponitur
1639 2456 1711 2484 non
