1862 2676
880 89 1109 125 —58—

530 203 580 242 Ut
603 203 717 242 rediit
738 203 899 252 animus,
920 204 1067 253 pariter
1089 203 1237 242 rediere
1258 204 1429 243 dolores:

586 272 752 311 Pectora
771 272 967 321 legitimus
990 276 1094 311 casta
1115 262 1322 311 momordit
1342 283 1458 311 amor.

295 388 507 437 Utrobique
530 389 628 427 enim
651 389 870 437 magnitudo
890 390 1029 427 amoris
1051 401 1073 426 a
1095 389 1338 428 matrimonio
1362 389 1566 437 repetitur.
1585 387 1696 437 Quod

296 461 423 495 autem
444 456 671 505 Propertius
692 458 944 495 communiter
965 457 1100 495 maluit
1121 469 1233 505 quam
1255 458 1406 506 proprie
1434 457 1551 505 loqui,
1575 457 1612 495 id
1633 455 1696 494 hic

296 536 368 563 non
391 526 513 574 magis
534 525 671 563 mirum
694 525 849 563 videtur
870 537 981 574 quam
1002 525 1033 573 I,
1062 528 1097 572 1,
1126 527 1188 563 16.
1216 524 1377 564 Tantum
1399 525 1437 563 in
1459 537 1586 563 amore
1607 536 1694 573 pre-

297 604 361 630 ces
383 597 421 630 et
441 593 537 631 bene
557 592 659 631 facta
679 593 803 631 valent
825 615 880 622 -
903 598 942 630 et
963 594 1007 641 L,
1028 596 1066 640 2,
1091 595 1128 631 8.
1164 593 1297 630 Nudus
1319 595 1437 631 Amor
1456 592 1601 631 formae
1623 604 1694 630 11011

296 664 398 697 amat
419 660 603 698 artificem
624 682 680 688 —
703 665 742 697 et
762 660 805 708 L,
831 663 870 710 5,
894 663 961 699 24.
995 661 1128 699 Nescit
1148 663 1267 698 Amor
1286 661 1423 709 priscis
1445 660 1580 699 cedere
1601 661 1695 698 ima-

297 729 449 777 ginibus
476 751 532 756 —-
559 732 598 767 et
630 729 801 777 plurimis
832 729 917 767 aliis
952 729 1058 767 locis.
1099 729 1233 767 Restat
1262 729 1354 766 illud
1387 741 1558 782 —Unam
1588 728 1696 766 mihi

299 798 413 846 quo?
436 818 492 824 —-
515 801 558 835 ut
580 797 626 835 de
650 798 823 835 omnibus
850 797 993 836 dictum
1021 797 1082 835 sit.
1117 796 1198 845 Quo
1226 797 1396 847 quamvis
1424 797 1534 836 facile
1561 808 1695 835 001100-

242 879 261 889 ·’
299 866 433 904 damus
464 866 636 914 potuisse
668 866 851 904 rationem
884 865 1019 904 referri
1052 866 1228 904 sordidae
1260 866 1396 913 vestis,
1430 866 1462 903 si
1494 865 1558 903 illa
1589 865 1698 913 prius
1753 881 1760 887 ·

298 938 400 972 esset
432 939 651 981 memorata,
684 934 786 972 nullo
819 941 944 972 tamen
976 939 1084 982 pacto
1120 933 1382 982 intelligimus,
1414 945 1482 972 cur
1513 933 1609 972 alius
1642 933 1698 971 rei

299 1003 396 1040 ratio
419 1001 528 1039 reddi
549 1013 623 1039 non
646 1003 779 1050 possit,
814 1014 899 1039 cum
922 1013 1045 1050 neque
1076 1002 1113 1039 in
1149 1003 1273 1039 verbis
1300 1013 1422 1050 neque
1449 1002 1486 1039 in
1513 1002 1700 1039 sententia

299 1071 349 1107 sit
371 1069 575 1118 quidquam
597 1081 665 1107 cur
686 1070 741 1108 ita
761 1070 1033 1107 existimemus.
1062 1070 1158 1107 Nam
1186 1070 1387 1107 verborum
1414 1081 1489 1107 non
1511 1081 1595 1107 eum
1617 1080 1700 1107 esse

241 1179 243 1181 ,
299 1150 428 1187 usum,
460 1142 503 1176 ut
535 1138 749 1176 subiectum
781 1150 827 1176 ex
858 1138 1170 1176 antecedentibus
1208 1143 1430 1186 revocetur,
1464 1141 1623 1186 apparet
1653 1148 1700 1175 ex

300 1206 438 1245 Horat.
473 1206 597 1254 Epist.
631 1206 666 1254 Ι,
703 1209 740 1254 5,
778 1208 842 1244 12.
877 1206 959 1254 Quo
992 1206 1085 1244 mihi
1117 1205 1270 1244 fortuna
1307 1206 1339 1243 si
1365 1218 1440 1243 non
1480 1205 1702 1243 conceditur

300 1275 387 1313 uti?
409 1296 484 1322 —-‚
517 1274 582 1312 ubi
615 1285 660 1312 ex
692 1274 938 1322 sequentibus
975 1274 1103 1312 verbis
1139 1273 1322 1312 fortuna
1351 1274 1596 1322 praecipitur.
1640 1273 1700 1311 Ad

248 1335 251 1337 ’
301 1343 400 1391 (111οᾰ
427 1342 640 1390 exemplum
668 1342 730 1380 hic
763 1353 913 1390 quoque
947 1353 1154 1390 purpuram
1182 1347 1220 1379 et
1248 1342 1468 1390 crystallum
1496 1353 1541 1379 ex
1571 1352 1700 1379 conse—

302 1411 504 1460 quentibus
525 1410 654 1448 verbis
676 1409 956 1458 occupabimus.
985 1409 1109 1458 Negat
1131 1410 1251 1457 igitur
1275 1409 1471 1448 Arethusa
1495 1421 1535 1448 se
1557 1409 1701 1457 ornari,

301 1479 402 1528 quod
423 1478 618 1517 absentem
645 1478 826 1516 maritum
847 1477 998 1525 lugeat:
1026 1478 1119 1516 haec
1140 1484 1266 1516 autem
1289 1478 1320 1515 si
1343 1489 1406 1515 res
1428 1482 1505 1525 est,
1528 1489 1621 1516 nam
1645 1482 1704 1516 est

301 1547 444 1585 indicio
471 1546 599 1584 afferri
626 1546 830 1592 rationem,
863 1557 909 1583 ex
936 1557 1010 1594 qua
1039 1549 1202 1594 quantus
1229 1546 1280 1584 sit
1304 1557 1411 1583 amor
1437 1546 1702 1594 perspiciatur,

302 1627 379 1653 non
401 1626 509 1654 secus
530 1625 573 1653 ac
595 1614 625 1662 Ι,
654 1616 719 1660 15,
746 1615 783 1653 9.
808 1626 858 1651 ss.

540 1732 590 1769 At
611 1742 683 1768 non
706 1730 760 1769 sic
783 1730 906 1769 Ithaci
927 1729 1106 1778 digressu
1128 1733 1230 1768 mota
1251 1729 1414 1778 Calypso

594 1798 770 1837 Desertis
791 1798 881 1837 olim
902 1797 1059 1837 fleverat
1080 1798 1332 1847 aequoribu83

537 1867 684 1905 Multos
705 1867 771 1904 illa
792 1868 875 1905 dies
897 1867 1097 1915 incomptis
1117 1870 1264 1905 maesta
1283 1866 1427 1914 capillis

598 1934 762 1974 Sederat
781 1935 923 1973 iniusto
944 1935 1065 1973 multa
1086 1934 1216 1974 locuta
1236 1934 1316 1973 salo
1338 1957 1393 1962 —

306 2050 483 2089 sordibus
512 2054 551 2088 et
576 2050 683 2088 luctu
717 2049 904 2099 Calypsus
930 2050 1113 2099 probatur
1139 2049 1287 2089 Ulixem
1316 2049 1363 2088 ab
1391 2061 1435 2088 ea
1461 2049 1708 2089 vehementer

306 2131 391 2157 esse
412 2124 580 2157 amatum
601 2123 669 2157 aut
694 2119 733 2157 in
758 2119 870 2157 initio
898 2119 1069 2157 eiusdem
1095 2118 1240 2166 elegiae
1261 2118 1489 2167 Propertius
1509 2130 1646 2166 parum
1666 2129 1707 2156 se

305 2186 425 2225 amari
447 2197 491 2225 eo
515 2186 681 2236 coniicit,
705 2185 806 2235 quod
825 2185 993 2235 Cynthia
1014 2186 1137 2225 crines
1156 2189 1357 2235 componat
1377 2189 1416 2224 et
1436 2184 1569 2225 faciem
1592 2197 1708 2236 quae-

305 2261 380 2296 rat.
402 2254 542 2295 Utrum
568 2257 667 2295 enim
694 2256 794 2295 absit
825 2268 873 2295 an
904 2256 1078 2295 abiturus
1110 2256 1161 2294 sit
1191 2256 1224 2294 is
1251 2256 1315 2304 qui
1341 2259 1505 2303 amatur,
1537 2255 1632 2295 1111111
1661 2255 1708 2294 ad

305 2337 400 2363 rem.
427 2324 554 2372 Atque
576 2325 708 2363 eadem
730 2324 1006 2362 sententiarum
1029 2324 1148 2361 series
1173 2328 1211 2362 et
1233 2324 1370 2372 copula
1391 2324 1428 2362 in
1450 2324 1497 2362 iis
1519 2328 1589 2372 est,
1612 2334 1708 2372 quae

307 2393 407 2442 apud
422 2391 604 2432 Ovidium
620 2392 711 2431 Her.
730 2392 837 2431 XIII.
859 2392 925 2430 29.
945 2403 995 2431 ss.
1015 2391 1221 2431 Laodamia
1240 2391 1452 2431 Protesilao
1470 2392 1618 2439 scribit,
1635 2392 1709 2430 etsi

309 2462 368 2499 hic
390 2460 578 2510 particula
603 2460 765 2498 causalis
787 2460 915 2506 abest;
943 2471 1054 2507 quem
1081 2460 1202 2498 locum
1230 2460 1354 2509 paullo
1381 2465 1470 2499 ante
1491 2459 1708 2508 attigimus:
