1862 2676
942 66 1168 102 -68-

359 190 461 229 cere,
479 191 526 218 an
546 183 589 217 ut
608 178 723 218 faciat
742 179 885 227 aliquid
902 182 1174 228 quaestuosum
1191 190 1274 218 esse
1291 179 1486 219 doceatur.
1505 177 1702 218 Generale
1713 179 1748 217 si

359 247 458 297 quod
480 253 537 285 est
559 252 804 296 praeceptum
824 247 919 286 latet
938 247 1033 286 illud
1053 247 1091 285 in
1112 247 1246 297 primis
1268 248 1396 288 verbis
1418 258 1474 286 vs.
1499 247 1565 286 27.
1588 257 1748 296 sperne

359 314 504 353 fidem.
526 314 623 353 Nam
639 315 672 354 si
688 316 734 353 ad
752 327 918 354 amorem
939 315 1039 353 idem
1055 315 1167 363 valet,
1185 315 1286 364 quod
1302 315 1349 355 de
1363 315 1530 354 amicitia
1545 314 1600 353 ait
1609 313 1744 353 Cicero

359 382 477 432 (Lael.
506 384 570 431 15,
601 385 667 421 65.
701 383 995 422 Firmamentum
1028 388 1156 421 antem
1187 383 1407 422 stabilitatis
1439 382 1747 431 constantiaeque

360 450 443 487 eius
476 462 588 499 quam
618 451 657 487 in
689 451 856 489 amicitia
886 451 1102 498 quaerimus
1133 449 1224 488 fides
1256 451 1341 500 est),
1374 451 1420 499 si,
1451 450 1615 499 inquam,
1642 460 1749 488 amor

360 518 473 557 etiam
488 517 568 559 ,11118
600 519 759 557 maxime
790 522 956 568 constat,
989 519 1215 568 vituperatio
1245 517 1333 557 fidei
1365 531 1437 558 11011
1459 518 1508 558 311
1532 519 1747 569 proximum

356 590 506 625 tantum
527 592 771 636 praeceptum
794 588 861 625 sed
881 588 929 626 ad
951 588 1076 626 omnia
1097 599 1192 636 quae
1213 593 1423 636 sequuntur
1439 588 1615 638 pertinet.
1634 588 1749 626 Latet

354 658 495 703 tamen,
517 655 617 702 dico,
640 667 715 693 non
736 658 856 704 patet·
883 655 980 694 Nam
1001 661 1134 704 aperte
1159 654 1251 694 fides
1272 656 1320 694 ad
1341 656 1381 693 id
1401 655 1662 694 iusiurandum
1682 666 1744 693 re-

358 722 555 760 ferendum
581 723 745 770 videtur,
778 734 852 771 quo
873 734 914 761 se
945 723 1073 771 puella
1104 724 1264 761 amatori
1286 723 1556 770 obstrinxerat,
1591 726 1635 761 ut
1656 721 1748 761 Ovi-

358 790 442 828 dius
463 790 548 828 Am.
572 791 642 838 III,
668 792 705 839 3,
728 791 778 829 in.
800 791 894 829 Esse
916 790 1019 838 deos,
1053 791 1188 839 inquit,
1215 791 1240 838 i,
1263 786 1391 839 crede,
1426 790 1562 829 fidem
1597 791 1749 828 iurata

357 856 509 905 fefellit3
541 858 580 895 id
611 858 709 906 quod
740 869 786 896 ex
808 858 991 906 proximis
1025 858 1152 896 verbis
1183 861 1351 906 apparet.
1383 858 1648 895 Proximorum
1669 867 1750 894 ver-

362 932 472 959 suum
503 920 673 958 ordinem
706 924 745 958 et
765 931 986 969 processum
1019 921 1212 969 attigimus
1243 920 1341 959 iam:
1372 925 1431 959 est
1460 924 1586 959 tamen
1616 918 1749 958 eodem

360 989 608 1045 redeundum,
641 989 729 1036 quia
753 989 1055 1026 Luettiohannes
1087 999 1161 1026 vss.
1197 990 1249 1026 37
1273 1010 1326 1017 —
1350 991 1418 1027 46.
1451 989 1524 1027 alio
1554 987 1747 1036 transfert,

362 1057 459 1104 quod
481 1057 528 1094 iis
549 1056 624 1094 iam
654 1067 728 1094 non
748 1056 1018 1104 praecipiatur,
1041 1059 1084 1094 ut
1104 1061 1191 1095 31118
1213 1058 1252 1094 81
1280 1061 1368 1104 post
1394 1068 1542 1105 rursus,
1565 1055 1749 1105 quomodo

360 1125 518 1173 pecunia
550 1128 828 1172 extorqueatur
850 1135 897 1161 ex
918 1128 1087 1162 amatore
1114 1125 1188 1162 iam
1211 1125 1326 1162 certis
1353 1124 1513 1163 vinculis
1534 1124 1748 1170 constricto,

360 1193 427 1231 sed
455 1192 592 1240 quibus
626 1192 815 1229 illecebris
847 1192 984 1229 dubius
1015 1192 1127 1229 etiam
1162 1195 1202 1229 et
1232 1192 1401 1229 incertus
1431 1194 1580 1229 amator
1601 1191 1749 1244 irretiri

359 1261 495 1310 possit3
518 1258 619 1309 quod
642 1258 718 1297 dici
735 1259 886 1297 coniicit
908 1270 952 1297 ex
974 1258 1038 1297 illo
1061 1263 1189 1298 tenes
1210 1259 1312 1307 quod
1334 1263 1394 1298 est
1414 1259 1451 1297 in
1474 1270 1584 1298 versu
1609 1259 1674 1297 37.
1698 1257 1750 1297 Ut

359 1329 479 1377 igitur
501 1328 706 1373 videamus,
729 1339 816 1365 num
840 1339 935 1375 quae
958 1327 1003 1365 de
1025 1332 1154 1365 vetere
1172 1332 1342 1365 amatore
1360 1328 1532 1366 dicantur
1547 1327 1631 1364 novi
1646 1338 1748 1364 ama-

358 1397 454 1435 toris
485 1395 855 1441 commemoratione,
887 1405 983 1442 quae
1015 1395 1061 1432 de
1091 1395 1252 1443 pecunia
1281 1393 1552 1443 extorquenda,
1579 1393 1749 1442 capiendi

359 1467 401 1502 et
431 1463 634 1502 irretiendi
666 1463 934 1512 praeceptione
966 1463 1306 1510 interrumpantur,
1338 1474 1472 1501 versus
1502 1462 1587 1500 illos
1612 1472 1748 1509 propo-

359 1543 494 1571 namus
512 1543 522 1570 z

533 1628 697 1677 Supplex
717 1628 779 1665 ille
801 1627 930 1666 sedet:
952 1628 1075 1677 posita
1095 1632 1136 1666 tu
1157 1627 1281 1666 scribe
1303 1627 1486 1665 cathedra

595 1695 811 1744 Quidlibet.
830 1695 898 1733 has
920 1700 1026 1734 artes
1047 1696 1078 1733 si
1099 1699 1214 1744 pavet
1233 1695 1296 1733 ille
1317 1699 1414 1733 tene
1424 1706 1453 1733 8.

521 1764 691 1813 ,Semper
710 1764 807 1802 habe
828 1775 975 1802 morsus
997 1763 1099 1802 circa
1119 1767 1185 1801 1113
1206 1764 1302 1802 colla
1330 1767 1517 1812 recentes,

449 1835 516 1870 40.
592 1832 742 1870 Litibus
763 1832 920 1869 alternis
941 1843 1036 1879 quos
1057 1834 1164 1879 putet
1186 1842 1268 1869 esse
1290 1831 1410 1869 datos.

535 1899 614 1937 Nec
635 1904 673 1937 te
694 1898 853 1937 Medeae
875 1898 1068 1936 delectent
1087 1897 1226 1946 probra
1247 1899 1443 1947 sequacis:

594 1967 739 2016 Nempe
760 1966 849 2005 tulit
869 1966 992 2005 fastus
1013 1977 1105 2004 ausa
1125 1978 1262 2016 rogare
1283 1967 1400 2016 prior.

535 2035 608 2075 Sed
628 2036 754 2084 potius
775 2035 904 2073 mundi
926 2034 1040 2073 Thais
1060 2035 1226 2083 pretiosa
1246 2035 1459 2084 Menandri,

598 2104 693 2143 Cum
713 2103 804 2142 ferit
824 2107 972 2141 astutos
995 2104 1135 2141 comica
1156 2103 1317 2142 moecha
1337 2104 1468 2143 Getas.

448 2175 515 2210 45.
538 2172 581 2210 In
601 2183 726 2210 mores
748 2176 784 2209 te
806 2175 913 2210 verte
934 2171 1027 2209 viri:
1050 2172 1081 2209 si
1105 2172 1252 2210 cantica
1272 2172 1401 2220 iactat,

596 2240 615 2278 Ι
636 2251 759 2278 comes
781 2243 820 2278 et
840 2249 953 2277 voces
976 2239 1082 2278 ebria
1101 2240 1213 2289 iunge
1235 2244 1333 2278 tuas.

365 2355 469 2394 Nihil
491 2355 658 2393 videmus
679 2367 753 2405 quo
776 2355 1061 2395 Luettiohannis
1084 2357 1208 2406 opinio
1235 2356 1490 2406 confirmetur,
1512 2355 1606 2395 illud
1627 2357 1750 2394 autem

368 2425 493 2474 ipsum
524 2429 666 2472 tenes,
702 2436 748 2463 ex
773 2435 847 2472 quo
880 2436 1026 2463 omnem
1057 2426 1176 2487 trahit
1201 2426 1579 2475 argument-ationem,
1608 2428 1752 2462 tantum
