1862 2676
873 64 1107 102 -96-

285 181 366 220 tius
386 180 532 230 versari
553 190 676 228 neque
698 179 909 218 aemulanti
927 180 1136 219 iucundum
1156 181 1222 231 sit,
1245 192 1331 219 cum
1351 179 1393 218 id·
1412 179 1465 218 sit
1485 179 1596 237 quasi
1616 179 1695 217 vul-

286 261 379 288 nera
400 259 471 287 sua
490 246 675 287 refricare
697 258 823 296 neque
843 247 878 286 is
900 247 1011 286 dolor
1031 248 1110 288 ulla
1125 248 1320 297 voluptate
1341 247 1541 297 mitigetur
1560 247 1623 286 vel
1644 247 1696 285 le-

286 316 428 363 niatur,
456 326 580 364 neque
608 315 656 354 ad
681 315 851 353 animum
877 316 959 353 eius
981 318 1042 364 qui
1062 319 1215 355 amatur
1240 315 1465 355 mutandum
1486 314 1695 364 quidquam

285 382 475 432 proficiat,
495 395 585 425 ‚cum
608 383 667 422 vel
689 382 952 431 detorquendo
969 387 1009 422 et
1024 384 1339 432 reprehendendo
1358 395 1442 422 eam
1458 384 1580 433 ipsam
1595 382 1695 421 unde

286 449 483 498 profectus
515 454 575 489 est
604 462 714 489 amor
744 450 907 489 formam
942 454 1210 498 repraesentes
1236 462 1426 500 quemque
1453 451 1694 499 exstinguere

285 518 382 555 velis
404 529 574 555 amorem
596 518 720 566 magis
742 517 923 554 incendas
946 520 985 555 et
1006 528 1159 565 augeas.
1192 516 1276 555 Hoc
1302 518 1360 556 ita'
1386 529 1485 565 esse,
1514 521 1558 556 ut
1577 518 1654 555 iam
1674 529 1697 555 a

287 585 509 622 coniectura
537 588 576 622 et
603 585 752 622 ratione
779 585 827 622 ad
859 589 1030 622 veterum
1063 584 1281 623 testimonia
1314 585 1527 633 redeamus,
1559 596 1696 633 magno

287 652 517 690 documento
550 656 609 690 est
634 651 786 701 Medea,
819 652 856 689 in
886 663 960 700 qua
986 663 1071 690 cum
1100 663 1228 690 omnes
1257 652 1400 691 amoris
1426 652 1569 690 stimuli
1594 652 1649 691 ita
1675 664 1697 690 a

287 719 412 768 poetis
444 719 704 768 cumulentur,
742 724 785 757 ut
816 724 995 768 tanquam
1027 720 1176 768 species
1207 719 1391 768 quaedam
1424 724 1538 769 atque
1571 711 1696 769 ii‘nago

287 787 488 826 muliebris
509 787 776 826 aemulationis
798 791 838 826 et
858 787 1023 840 invidiae
1046 787 1287 837 informetur,
1314 800 1437 837 neque
1458 788 1559 838 apud
1582 786 1696 826 Euri-

287 855 413 903 pidem
443 867 567 904 neque
592 856 696 905 apud
717 856 900 895 Senecam
923 867 1045 905 neque
1067 856 1168 905 apud
1192 856 1371 896 Ovidium
1397 857 1434 895 in
1460 856 1606 895 Creusa
1631 857 1696 895 de-

288 922 491 961 scribenda
512 927 696 971 moratur,
720 923 787 961 sed
809 935 957 964 omnem
979 924 1191 962 orationem
1214 928 1253 962 et
1275 924 1546 972 cogitationem
1561 924 1600 961 in
1617 924 1698 962 suis

287 990 466 1039 miseriis,
494 991 532 1028 in
552 990 711 1038 Jasone‚
739 991 777 1028 in
802 991 957 1029 ultionis
980 991 1178 1040 voluptate
1199 992 1398 1030 consumit.
1422 1014 1478 1020 —
1500 991 1574 1031 Sed
1594 991 1698 1030 veni-

286 1069 373 1095 mus
393 1058 440 1095 ad
468 1058 558 1095 fidei
585 1062 760 1096 servatae
786 1057 1096 1096 testificationem
1117 1059 1335 1108 (51-54),
1359 1070 1456 1107 quae
1484 1059 1586 1108 quod
1612 1070 1698 1097 cum

287 1125 472 1173 proximis
498 1126 674 1164 versibus
700 1125 798 1163 male
824 1125 1030 1164 cohaereat
1050 1137 1073 1164 a
1094 1125 1376 1165 Loettichanne
1402 1130 1489 1175 post
1513 1126 1698 1175 perfidiae

287 1192 485 1240 Propertii
506 1193 843 1240 reprehensionem
866 1191 1111 1229 transfertur.
1134 1192 1263 1240 Atque
1285 1192 1378 1230 illud
1396 1194 1548 1240 quidem
1565 1195 1700 1241 negari

288 1270 364 1297 non
394 1262 537 1308 potest,
571 1270 592 1297 a
623 1257 787 1308 perfidia
812 1259 858 1298 ad
885 1258 998 1297 fidem
1030 1258 1249 1298 facillimum
1281 1264 1320 1298 et
1349 1259 1698 1310 frequentissimum

288 1338 375 1366 eum
397 1338 482 1366 esse
505 1327 724 1376 transitum,
749 1331 793 1365 ut
813 1328 908 1366 haec
929 1327 986 1365 illi
1009 1328 1236 1376 simpliciter
1258 1317 1473 1377 opponatur
1493 1341 1564 1368 nec
1587 1330 1697 1379 quid-

290 1406 402 1444 quam
433 1396 653 1435 intercedat
683 1407 756 1444 quo
785 1396 832 1433 ab
865 1407 941 1434 una
971 1395 1019 1433 ad
1046 1396 1206 1434 alteram
1233 1397 1382 1436 animus
1414 1397 1698 1437 transducatur.

287 1462 386 1501 Nam
416 1467 618 1512 postquam
649 1464 839 1512 Cynthiae
866 1464 1159 1501 inconstantiam
1185 1465 1423 1513 memoravit,
1457 1476 1497 1503 se
1523 1468 1590 1503 aut
1617 1477 1698 1505 ser-

289 1542 380 1569 vare
412 1530 526 1570 fidem
557 1536 624 1569 aut
656 1541 832 1569 servasse
863 1534 931 1569 aut
965 1533 1207 1568 servaturum
1239 1531 1468 1579 Propertius
1502 1532 1702 1580 praedicat

290 1602 329 1636 et
350 1599 381 1646 I,
399 1600 466 1646 15,
482 1600 548 1636 29.
563 1610 613 1636 ss.

578 1694 695 1732 Nulla
716 1695 824 1742 prius
846 1698 954 1732 vasto
975 1695 1152 1733 labentur
1172 1695 1328 1733 flumina
1348 1699 1480 1744 ponto,

633 1763 768 1800 Annus
791 1767 830 1800 et
849 1762 1025 1800 inversas
1048 1762 1201 1801 duxerit
1222 1767 1311 1801 ante
1332 1764 1449 1813 vices,

575 1829 697 1876 Quam
719 1834 784 1868 tua
806 1830 877 1868 sub
899 1834 1033 1868 nostro
1054 1834 1224 1869 mutetur
1244 1834 1399 1879 pectore
1422 1843 1601 1882 cura—3

291 1919 331 1954 et
352 1916 382 1964 I,
401 1918 467 1965 18,
486 1918 551 1954 11.
578 1916 641 1954 Sic
663 1917 756 1954 mihi
779 1922 815 1955 te
837 1916 983 1955 referas
1004 1918 1099 1955 levis
1121 1921 1164 1955 ut
1184 1929 1258 1955 non
1283 1918 1405 1957 altera
1425 1923 1558 1957 nostro

635 1985 786 2023 Limine
807 1984 994 2023 formosos
1016 1985 1146 2023 intulit
1167 1984 1244 2023 ulla
1263 1986 1381 2033 pedes
1402 2009 1458 2014 —

291 2074 328 2109 et
350 2071 381 2120 I,
410 2073 475 2120 19,
501 2072 538 2109 5.
572 2071 657 2110 Non
682 2072 779 2111 adeo
802 2072 941 2111 leviter
962 2072 1102 2111 nostris
1123 2084 1217 2121 puer
1239 2073 1363 2112 haesit
1385 2074 1526 2123 ocellis,

635 2139 689 2178 Ut
709 2151 816 2177 meus
837 2139 957 2177 oblito
979 2140 1102 2187 pulvis
1123 2152 1250 2178 amore
1271 2144 1382 2179 vacet
1404 2162 1456 2169 —

291 2238 382 2273 ante
404 2246 500 2283 quae
522 2247 597 2273 non
621 2239 781 2274 mortem
805 2247 845 2274 se
866 2236 975 2285 dixit,
1000 2237 1067 2275 sed
1084 2237 1269 2287 Cynthiae
1291 2238 1491 2288 perfidiam
1513 2243 1698 2288 metuere3

291 2334 331 2370 et
353 2332 406 2375 II,
429 2333 468 2380 6,
487 2334 554 2370 41.
578 2332 658 2371 Nos
680 2343 776 2370 uxor
797 2344 1016 2383 numquam,
1038 2346 1243 2383 numquam
1264 2347 1324 2375 me
1345 2336 1461 2375 ducet
1481 2337 1620 2375 amica:

637 2402 798 2449 Semper
819 2402 943 2442 amica
964 2403 1069 2452 mihi,
1093 2416 1243 2453 semper
1263 2409 1301 2444 et
1324 2417 1419 2445 uxor
1441 2406 1518 2444 eris
1542 2418 1609 2453 -——;
