1862 2676
916 70 1145 107 -30-

338 182 487 232 incidit,
499 187 542 221 ut
561 187 729 221 extremo
748 184 833 223 loco
853 184 1020 223 laudatio
1039 185 1168 234 aliqua
1179 184 1387 223 Caesareae
1403 183 1536 222 domus
1558 183 1733 223 adhibea-

340 257 417 290 tur.
469 251 552 299 Quo
582 252 735 291 consilio
771 252 999 291 nonsolum
1040 252 1187 301 singula
1235 252 1396 292 disticha
1414 251 1646 302 adduntur,
1689 255 1734 290 ut

340 319 443 358 Fast.
466 319 516 367 ΙΙ,
541 321 636 358 637.
662 319 922 359 Charisiorum
954 320 1246 370 descriptionem
1276 322 1411 370 pieque
1443 331 1488 360 ea
1518 319 1732 359 celebrandi

340 387 643 435 adhortationem
666 389 831 437 Augusti
851 389 1056 428 admonitio
1077 390 1241 438 excipit:

458 503 523 552 Et,
545 504 645 542 Bene
666 500 746 552 nos,
769 504 937 553 Patriae,
959 505 1056 543 bene
1078 510 1129 553 te,
1154 505 1283 552 Pater,
1304 505 1446 553 optime
1470 503 1628 543 Caesar!

519 571 655 619 Dicite,
680 571 821 609 suffuso
843 584 911 620 per
933 584 1042 611 sacra
1061 573 1179 611 verba
1199 583 1303 610 mero
1325 593 1381 600 —

343 700 410 734 aut
430 697 468 734 in
491 703 650 735 exeunte
672 698 770 735 libro
793 699 927 746 primo,
950 699 1062 737 Pacis
1084 699 1254 737 sollemni
1271 703 1492 748 memorato,
1510 698 1641 736 salutis
1662 709 1732 746 pu-

342 764 463 803 blicae
484 769 572 804 vota
592 765 629 803 in
651 766 803 804 domum
825 766 1049 805 Caesaream
1070 767 1306 815 diriguntur:

402 882 498 918 721.
518 880 645 930 thue
666 881 798 919 domus
820 892 915 929 quae
937 885 1106 930 praestet.
1125 894 1219 931 eam,
1243 893 1327 920 cum
1348 863 1451 920 Pace
1472 884 1657 930 perennet

579 950 638 988 Ad
660 962 728 988 sua
749 962 954 998 propensos
977 955 1065 989 vota
1085 957 1217 999 rogate
1239 951 1352 989 deos:
1377 972 1429 978 —-

345 1067 410 1106 sed
432 1073 665 1118 usurpantur
687 1069 800 1109 etiam
823 1069 992 1118 plurium
1011 1082 1188 1109 versuum
1219 1070 1489 1118 conclusiones,
1522 1073 1565 1108 ut
1584 1069 1615 1119 I,
1640 1070 1735 1108 613.

347 1148 412 1184 ss.‚
435 1142 634 1186 postquam
656 1139 702 1176 de
728 1140 877 1176 nomine
900 1140 1064 1187 Augusti
1091 1140 1229 1177 dictum
1261 1144 1332 1187 est,
1359 1139 1393 1176 ei
1423 1138 1628 1186 herediquc
1655 1138 1737 1175 eius

345 1205 490 1252 optima
512 1216 680 1254 quaeque
701 1206 799 1243 hunc
821 1206 858 1243 in
880 1206 1030 1243 modum
1053 1211 1255 1254 optantur:

518 1325 669 1373 Augeat
688 1325 888 1373 imperium
909 1325 1026 1363 nostri
1050 1324 1170 1374 ducis,
1193 1328 1331 1373 augeat
1351 1335 1481 1372 annos,

581 1393 767 1440 Protegat
788 1398 827 1431 et
847 1398 995 1431 vestras
1016 1404 1157 1441 querna
1177 1404 1318 1430 corona
1338 1391 1451 1430 fores.

522 1459 827 1508 Auspicibusque.
850 1460 929 1498 deis
951 1460 1047 1497 tanti
1069 1460 1302 1508 cognominis
1323 1459 1435 1496 heres

494 1524 498 1528 ’
581 1527 713 1566 Omine
736 1527 935 1576 suscipiat,
959 1540 1032 1576 quo
1053 1533 1175 1576 pater,
1199 1528 1303 1566 orbis
1323 1539 1434 1573 onus;
1458 1549 1511 1554 —

349 1652 388 1685 et
408 1647 440 1695 I,
465 1648 545 1686 285
569 1659 617 1686 ss.
640 1648 699 1695 iis,
722 1659 818 1696 quae
841 1648 887 1686 de
908 1648 998 1686 Iano
1021 1652 1109 1686 sunt
1129 1648 1315 1696 exposita,
1334 1646 1550 1685 Germanici
1571 1645 1738 1684 laudatio

350 1715 523 1763 bonaque
545 1727 614 1763 pro
636 1727 679 1753 eo
701 1720 876 1764 suscepta
897 1720 981 1754 vota
1005 1716 1234 1754 succedunt:

524 1832 605 1871 Pax
626 1837 721 1878 erat,
744 1835 783 1870 et
804 1832 932 1881 vestri,
957 1832 1195 1879 Germanice,
1218 1842 1330 1870 causa
1349 1830 1533 1878 triumphi

584 1899 811 1938 Tradiderat
831 1899 990 1937 famulas
1013 1900 1087 1937 iam
1109 1900 1178 1937 tibi
1201 1899 1355 1937 Rhenus
1376 1910 1505 1947 aquas.

524 1967 627 2016 Iane,
650 1966 732 2005 face
754 1972 929 2005 aeternos
951 1979 1078 2015 pacem
1099 1968 1278 2016 pacisque
1300 1967 1507 2014 ministros,

584 2035 686 2074 Neve
708 2046 818 2073 suum
838 2038 992 2083 praesta
1013 2035 1165 2074 deserat
1184 2041 1321 2074 auctor
1342 2047 1448 2084 opus.

351 2158 503 2205 Augere
523 2158 623 2196 hunc
643 2168 843 2196 numerum
863 2157 1117 2205 exemplorum
1142 2169 1216 2196 non
1237 2156 1402 2205 difficile,
1424 2157 1491 2195 sed
1511 2167 1740 2205 supervaca-

353 2237 465 2263 neum
486 2231 565 2274 est3
597 2228 766 2265 cernitur
788 2226 884 2263 enim
906 2237 978 2263 non
1010 2227 1232 2265 inusitatum
1258 2226 1374 2265 fuisse.
1395 2226 1501 2264 varia
1521 2230 1742 2273 argumenta

352 2294 390 2330 in
413 2293 621 2332 Caesarum
644 2294 777 2332 laudes
803 2292 1017 2332 deflectere.
1042 2294 1093 2332 At
1117 2306 1164 2332 ex
1195 2294 1266 2333 hoc
1297 2295 1378 2343 ipso
1409 2304 1548 2342 genere
1567 2282 1662 2331 llaec
1683 2295 1742 2329 est

352 2361 542 2410 Propertii
573 2362 776 2403 conclusio.
818 2360 926 2408 Quod
961 2369 1087 2400 autem
1127 2374 1200 2400 non
1235 2363 1457 2410 simpliciter
1497 2367 1534 2399 et
1568 2361 1742 2397 universe

353 2431 480 2468 nescio
507 2430 569 2477 qui
592 2429 639 2467 ad
663 2430 873 2478 Augustum
900 2430 1126 2469 laudandum
1154 2431 1410 2480 impelluntur,
1438 2430 1506 2469 sed
1531 2427 1742 2467 convivium
