1862 2676
774 98 1007 136 ..85-

305 213 522 264 Lygdamus
541 218 692 266 uratur,
713 214 920 255 candescat
938 215 1077 255 lamina
1098 226 1255 255 vernae:

366 281 481 322 Sensi
501 294 573 333 ego
594 294 680 323 cum
700 283 851 323 insidiis
870 282 1013 332 pallida
1033 283 1121 323 vina
1142 283 1242 323 bibi:

308 351 362 390 At
381 351 523 390 Nomas
544 362 703 392 arcanas
722 352 838 391 tollat
858 355 1015 390 versuta
1034 352 1188 391 salivas:

367 418 480 459 Dic-et
501 419 698 460 damnatas
718 420 830 469 ignea
851 422 951 459 testa
970 430 1116 458 manus.

193 526 282 576 quia
308 525 528 564 mandatum
549 527 785 575 contineant,
818 537 865 565 ex
885 525 1022 565 mediis
1046 526 1216 575 querelis
1238 526 1427 566 tollendos
1448 531 1488 566 et
1509 539 1595 566 cum

190 593 275 633 aliis
296 593 485 633 mandatis
506 594 791 644 coniungendos
813 597 937 643 putat,
959 597 997 632 at
1019 597 1107 633 ante
1129 606 1185 632 vs.
1212 596 1278 632 39.

308 691 414 739 Quae
436 691 546 730 modo
568 703 638 740 per
659 691 754 730 viles
775 691 948 740 inspecta
968 695 1028 730 est
1047 691 1203 740 publica
1224 694 1355 730 noctes

367 758 473 798 Haec
494 771 594 798 nunc
616 764 752 798 aurata
774 759 929 808 cyclade
951 760 1078 808 signat
1099 760 1320 798 humum—

190 855 271 894 vult
291 856 509 895 accuratius
532 834 762 906 descriptam
783 855 904 896 fuisse
930 868 1068 896 novam
1090 857 1269 906 amicam,
1297 857 1387 907 quia
1408 857 1596 896 transitus

189 936 211 962 a
241 923 344 964 foedi
374 924 520 963 funeris
546 925 837 963 adumbratione
863 925 912 962 ad
937 924 1043 962 illam
1069 924 1349 973 depingendam
1375 924 1501 964 factus
1527 936 1598 974 per

188 1002 398 1040 pronomen
421 992 624 1030 relativum
646 991 793 1031 fractus
816 992 867 1030 sit
889 995 928 1030 et
948 992 1120 1030 elumbis.
1136 992 1300 1030 -Tum
1316 1004 1392 1031 vss.
1409 994 1594 1032 51—54.

306 1097 332 1136 J
334 1108 402 1135 ure
424 1108 495 1145 ego
516 1097 698 1135 Fatorum
719 1098 815 1135 nulli
835 1098 1048 1135 revolubile
1069 1109 1237 1146 carmen,

365 1164 689 1212 Tergeminusque
712 1164 815 1202 canis
837 1164 892 1202 sic
913 1164 1006 1202 mihi
1027 1164 1140 1202 molle
1162 1168 1287 1212 sonet,

306 1231 372 1270 Me
393 1242 566 1269 servasse
588 1230 712 1269 fidem.
738 1230 779 1269 Si
799 1230 904 1279 fallo,
929 1232 1062 1280 vipera
1083 1232 1229 1270 nostris

365 1298 501 1338 Sibilet
522 1300 560 1336 in
581 1299 737 1337 tumulis
757 1302 796 1337 et
816 1310 932 1347 super
953 1299 1039 1338 os‘sa
1061 1299 1186 1337 cubet.
1202 1321 1257 1326 —

189 1406 274 1445 loco
297 1409 441 1454 movet,
469 1405 568 1454 quod
596 1405 844 1443 iurisiurandi
866 1405 1008 1443 servati
1028 1404 1248 1443 testificatio
1270 1417 1391 1454 neque
1412 1407 1459 1445 ad
1480 1419 1596 1456 supe-

188 1474 313 1511 riores
344 1483 469 1519 neque
502 1472 550 1510 ad
575 1471 779 1510 inferiores
801 1473 1011 1510 sententias
1033 1472 1239 1521 quidquam
1259 1474 1437 1523 attineat,
1470 1486 1593 1523 neque

116 1534 118 1536 ’
187 1543 226 1580 in
248 1542 342 1590 ipsis
365 1542 417 1579 sit
437 1541 642 1589 quidquam
665 1552 739 1589 quo
762 1541 925 1579 causalis
948 1542 1004 1579 vis
1026 1542 1190 1589 proximi
1212 1554 1346 1580 versus
1369 1547 1533 1591 spectet:

306 1647 405 1685 Nam
425 1648 578 1695 gemina
599 1651 657 1685 est
678 1647 788 1686 sedes
810 1650 962 1696 turpem
976 1648 1123 1692 vsortita
1143 1659 1213 1697 per
1234 1660 1469 1694 amnem—3

189 1766 311 1804 neque
347 1755 446 1792 enim
480 1765 668 1802 exponere
701 1753 906 1803 Cynthiam
936 1756 1062 1793 curin
1084 1766 1139 1793 vs.
1166 1756 1231 1793 52.
1254 1756 1506 1804 tergeminum
1529 1768 1593 1795 ca-

188 1835 275 1863 nem
298 1822 449 1861 dixerit.
494 1822 567 1860 Sed
590 1833 636 1860 ne
658 1822 705 1860 ad
725 1834 783 1874 vs.
810 1823 876 1860 50.
901 1822 1073 1870 quidem:

306 1928 436 1977 Longa
458 1939 542 1966 mea
562 1928 600 1965 in
623 1928 731 1966 libris
754 1939 872 1976 regna
892 1930 1000 1966 fuere
1023 1929 1167 1966 tuis—

185 2034 281 2073 illud
311 2045 407 2072 nam
437 2044 550 2081 posse
582 2032 737 2071 referri:
771 2033 894 2071 videri
925 2033 1045 2081 igitur
1075 2035 1129 2071 ait
1159 2035 1262 2072 inter
1289 2046 1344 2072 vs.
1371 2036 1438 2073 50.
1461 2038 1499 2072 et
1522 2037 1588 2073 55.

187 2101 353 2151 aliquam
379 2101 606 2140 sententiam
633 2100 893 2149 intercidisse,
926 2101 1035 2139 cuius
1062 2112 1175 2140 versu
1200 2103 1266 2140 55.
1290 2102 1388 2140 ratio
1410 2102 1593 2141 reddere-

189 2174 267 2208 tur.
305 2170 440 2217 Itaque
461 2169 562 2207 inter
581 2180 636 2207 vs.
660 2170 728 2206 22.
752 2171 790 2206 et
814 2169 880 2206 23.
904 2168 1066 2206 collocat
1085 2180 1161 2207 vss.
1189 2170 1374 2217 51—54,
1396 2169 1498 2208 inter
1518 2181 1592 2208 vss.

192 2238 246 2276 34
278 2240 317 2275 et
341 2237 407 2275 39.
440 2247 553 2275 unam
573 2236 747 2276 lacunam
769 2238 893 2284 notat,
927 2236 1088 2275 alteram
1120 2237 1222 2275 inter
1255 2247 1329 2275 vss.
1357 2238 1423 2276 50.
1447 2241 1487 2276 et
1511 2239 1591 2285 55.,

186 2318 319 2346 versus
340 2310 468 2345 autem
491 2307 684 2361 35—38.
708 2307 810 2344 inter
833 2308 899 2345 76.
924 2310 963 2344 et
987 2309 1053 2345 77.
1077 2306 1274 2345 transfert.
1319 2305 1394 2345 Sed
1417 2291 1509 2344 nihil
1529 2316 1591 2343 re-

186 2374 264 2415 fert
284 2386 397 2425 quem
417 2375 500 2424 ipse
522 2375 693 2414 ordinem
710 2374 938 2413 constituat:
962 2374 1055 2413 illud
1074 2386 1189 2413 unum
1205 2374 1411 2413 videndum
1424 2377 1495 2422 est,
1518 2383 1592 2421 quo

186 2443 282 2493 iure,
304 2444 419 2482 immo
440 2454 514 2493 qua
535 2443 674 2482 iniuria
695 2454 782 2482 eum
803 2442 867 2492 qui
889 2442 1054 2481 traditus
1076 2447 1134 2482 est
1154 2442 1369 2492 perturbet.
