1862 2676
938 74 1166 111 -66-

352 188 526 228 haerere.
555 188 663 227 Stant
688 188 789 227 enim
821 199 896 226 non
921 188 1035 227 modo
1061 199 1107 226 ea
1135 199 1231 237 quae
1257 199 1334 228 non
1358 189 1483 229 iacent
1507 193 1574 228 aut
1597 188 1743 238 sedent,

354 257 420 295 sed
443 257 558 295 etiam
587 268 684 305 quae
709 269 786 294 non
811 261 1030 304 moventur;
1057 261 1097 295 at
1122 267 1281 296 currens
1305 269 1404 307 aqua
1428 262 1624 296 movetur:
1652 268 1743 306 ergo

350 335 394 362 ea
414 325 471 363 vis
491 325 607 364 datur
627 326 735 363 lenae
756 331 799 363 ut
820 336 918 374 quae
939 329 1083 364 certum
1100 330 1140 363 et
1161 324 1308 363 firmum
1325 329 1463 364 statum
1485 326 1679 364 obtineant
1699 336 1743 363 ea

349 393 389 430 in
410 392 590 430 mobilem
610 405 744 441 aquam
766 396 1048 431 convertantur.
1073 392 1177 431 Idem
1199 392 1280 431 fere
1300 398 1368 432 aut
1387 397 1514 432 tamen
1536 404 1582 431 ex
1602 403 1741 442 genere

350 459 482 498 eodem
505 460 599 499 illud
621 464 679 499 est
705 461 805 509 quod
826 461 965 499 Medea
996 460 1069 499 sibi
1100 461 1215 499 sumit
1235 471 1318 499 cum
1340 461 1441 511 apud
1462 459 1636 500 Ovidium
1659 459 1740 499 Me—

298 583 303 589 *
344 532 436 566 tam.
462 528 547 576 VII,
573 530 668 567 200.
693 541 723 567 s.

1068 617 1336 655 concussaque,
1359 606 1494 655 inquit,
1516 606 1624 656 sisto,

466 674 614 713 Stantia
636 675 812 713 concutio
835 677 950 712 cantu
971 673 1082 712 freta.

347 791 472 839 Atque
495 791 579 839 quis
599 802 644 829 eo
668 796 877 839 moveatur,
905 791 1005 839 quod
1033 802 1129 839 quae
1155 790 1202 829 de
1228 796 1415 840 magnete,
1442 792 1489 829 de
1515 791 1673 837 volucri,
1694 791 1741 829 de

348 869 446 906 aqua
467 864 736 906 memorantur,
759 870 804 896 ea
825 860 951 896 omnia
971 870 993 896 a
1015 859 1155 907 philtro
1177 859 1253 897 sint
1276 859 1425 897 aliena?
1452 859 1570 907 Quasi
1591 870 1680 897 vero
1701 859 1740 896 id

346 929 484 973 agatur
505 930 547 963 ut
569 926 695 963 omnia
720 927 800 963 eius
822 926 930 964 lenae
951 926 1094 974 philtra
1115 931 1400 974 enumerentur,
1418 937 1491 964 non
1503 927 1540 964 id
1564 932 1606 964 ut
1623 937 1738 975 quan-

342 997 422 1031 tum
446 1004 490 1032 ea
510 995 633 1042 possit
654 994 691 1031 in
713 994 905 1031 amoribus
928 995 1106 1032 universa
1133 995 1215 1032 eius
1242 1001 1324 1032 arte
1351 1000 1389 1033 et
1410 994 1589 1049 facultate
1609 995 1738 1032 adum-

344 1060 491 1099 branda
511 1061 810 1108 demonstretur3
838 1073 912 1099 non
937 1072 1046 1099 secus
1072 1072 1116 1099 ac
1139 1061 1278 1099 Medea
1308 1073 1352 1100 eo
1375 1072 1485 1109 quem
1506 1062 1739 1100 laudavimus

343 1128 427 1166 loco
448 1128 823 1176 Metamorphoseon‚
850 1140 934 1167 cum
961 1128 1009 1166 ad
1031 1130 1193 1167 Aesonis
1220 1133 1451 1168 senectutem
1476 1130 1739 1167 removendam

342 1197 502 1234 deorum
523 1197 702 1234 auxilium
720 1197 909 1244 implorat,
927 1197 1052 1234 omnia
1070 1208 1165 1244 quae
1182 1197 1255 1234 iam
1272 1196 1440 1235 effecerit
1455 1201 1738 1245 commemorat,

343 1265 415 1302 etsi
438 1264 530 1302 nihil
551 1265 598 1302 ad
620 1264 658 1302 id
680 1264 780 1312 quod
801 1268 882 1302 tum
904 1264 983 1312 agit
1004 1264 1210 1313 pertinent,
1229 1264 1301 1307 vel,
1320 1265 1420 1313 quod
1443 1266 1555 1303 etiam
1579 1264 1738 1303 similius

343 1336 413 1379 est,
447 1331 604 1370 Ovidius
638 1332 724 1370 Am.
747 1332 778 1379 I,
803 1334 841 1370 8.
874 1333 979 1380 prius
1011 1343 1140 1370 omnes
1162 1333 1342 1381 Dipsadis
1373 1338 1476 1371 artes
1507 1338 1679 1371 recenset
1700 1336 1738 1370 et

342 1404 422 1438 tum
446 1400 596 1438 demum
621 1401 689 1451 (vs.
719 1401 785 1447 19)

400 1526 506 1571 Haec
528 1526 614 1569 sibi,
637 1526 774 1574 inquit,
798 1526 996 1574 proposuit
1018 1525 1205 1563 thalamos
1227 1529 1413 1564 temerare
1435 1526 1591 1573 pudicos
1615 1547 1669 1552 —

341 1643 489 1681 scilicet-
510 1647 552 1682 ut
574 1643 712 1681 doceat
733 1649 913 1691 quantum
937 1641 1002 1680 illa
1022 1641 1060 1680 in
1081 1642 1151 1680 hoc
1173 1653 1323 1691 quoque
1347 1653 1485 1691 genere
1505 1642 1630 1691 possit
1649 1653 1734 1691 pro-

339 1710 466 1749 ficere.
501 1712 700 1749 Mittamus
731 1711 849 1759 igitur
879 1711 973 1748 haec
1005 1714 1043 1748 et
1075 1711 1270 1748 veniamus
1296 1710 1343 1747 ad
1369 1710 1532 1747 medium
1569 1721 1733 1759 carmen,

341 1780 449 1817 cuius
477 1780 571 1817 ordo
596 1791 619 1817 a
639 1778 916 1816 Luettiohanne
947 1790 1022 1816 non
1050 1778 1173 1815 minus
1204 1778 1449 1815 vehementer
1473 1778 1732 1825 perturbatur.

339 1847 419 1884 Nec
447 1852 571 1884 tamen
602 1847 740 1884 attinet
766 1857 877 1893 quem
910 1847 992 1893 ipse
1021 1856 1157 1882 novum
1186 1845 1355 1883 ordinem
1383 1845 1587 1883 constituat
1618 1856 1733 1893 expo-

340 1925 453 1952 nere:
478 1915 571 1953 satis
597 1914 822 1953 habebimus
848 1925 1058 1953 memorare
1085 1913 1220 1962 quibus
1247 1913 1381 1952 ductus
1408 1913 1618 1952 rationibus
1650 1925 1732 1951 eum

341 1983 405 2030 qui
433 1982 597 2019 traditus
623 1988 680 2019 est
711 1982 882 2019 ordinem
914 1985 1098 2018 mutatum
1131 1981 1234 2029 velit,
1272 1992 1363 2029 quas
1391 1982 1421 2019 si
1444 1981 1734 2019 refutaverimus

340 2062 487 2090 omnem
505 2062 584 2089 rem
603 2051 818 2100 expeditam
834 2049 1064 2099 putabimus.
1078 2048 1203 2098 Negat
1214 2053 1338 2088 autem
1355 2050 1517 2098 primum
1530 2061 1603 2088 vss.
1619 2052 1686 2089 29.
1701 2062 1731 2089 s.
1761 2062 1764 2065 ·

453 2176 506 2215 Et
527 2177 707 2215 simulare
730 2177 834 2215 viros
855 2176 1024 2224 pretium
1047 2174 1161 2214 facit:
1184 2179 1291 2215 utere
1312 2177 1450 2226 causis,

502 2246 630 2283 Maior
651 2245 769 2283 dilata
790 2248 902 2282 nocte
923 2247 1101 2282 recurret
1121 2256 1228 2283 amor
1250 2264 1304 2273 -—

340 2372 422 2399 cum
447 2361 760 2399 antecedentibus
786 2361 1004 2407 cohaerere,
1039 2361 1126 2409 quia
1157 2361 1405 2411 singularium
1432 2362 1524 2401 ordo
1547 2373 1731 2411 praecep-

336 2433 467 2466 torum
500 2432 588 2476 post
623 2429 817 2476 generalia
848 2431 892 2465 et
922 2429 1108 2476 particula
1140 2441 1213 2468 non
1245 2430 1366 2478 possit
1396 2430 1525 2478 incipi,
1557 2429 1733 2478 idemque
