1862 2676
759 83 1017 122 -83-

304 194 480 244 Jamque
499 197 633 244 patent
651 196 791 235 iterum
811 202 985 237 reserato
1005 209 1161 238 carcere
1180 201 1326 248 postes.

363 262 503 302 Evolat
523 262 700 304 admissis
719 264 887 305 discolor
906 277 1042 315 agmen
1062 266 1184 316 equis.

309 330 437 370 Nunc
457 331 595 370 saltem
616 343 768 388 supera,
791 334 994 383 spatioque
1013 335 1172 383 insurge
1191 335 1356 383 patenti.

365 397 451 438 Sint
469 408 569 448 mea,
587 391 670 439 sint>
684 399 858 440 dominae
877 400 937 441 fac
952 404 1037 441 rata
1057 404 1147 441 vota
1167 413 1286 442 meae.
1300 424 1358 431 —

188 496 316 546 Atque
337 496 431 535 item
453 496 538 535 Am.
561 496 593 545 I,
618 499 657 546 6,
683 499 749 536 57.

305 602 386 642 Aut
406 614 476 652 ego
496 603 579 642 iam
600 604 782 652 ferroque
801 604 958 654 ignique
978 606 1152 653 paratior
1171 605 1255 654 ipse

366 671 487 719 Quem
508 669 591 711 face
612 672 782 712 sustineo
805 675 908 712 tecta
929 672 1096 722 superba
1115 675 1246 723 petam
1266 695 1323 701 —

185 776 242 814 ita
263 776 375 826 dicit,
402 780 446 816 ut
472 778 511 816 id
531 782 683 827 tempus
703 790 778 828 quo
801 779 848 817 de
869 779 1054 827 obsequio
1076 780 1255 818 ianitoris
1276 779 1456 828 desperat
1476 780 1524 819 ab
1545 791 1590 819 eo

186 846 363 895 tempore
389 857 463 895 qno
488 846 562 885 sibi
589 847 672 886 eius
688 847 852 896 gratiam
872 847 945 886 hoc
965 847 1049 896 ipso
1070 847 1110 886 in
1131 849 1300 886 carmine
1321 847 1593 887 conciliaturus

186 912 389 952 videbatur
409 914 598 963 seiungat.
616 935 619 936 ν
637 914 718 952 Nec
742 914 917 953 Catullus
939 915 978 952 in
999 914 1237 954 nobilissimo
1259 915 1325 954 illo
1347 916 1592 964 epithalamio

185 979 287 1020 LIX.
312 993 398 1021 cum
420 994 472 1021 vs.
501 983 596 1021 184.
620 981 715 1021 dicit

536 1087 562 1126 J
564 1099 622 1126 am
645 1088 736 1126 licet
755 1089 901 1137 venias,
923 1089 1061 1127 marite
1076 1111 1127 1117 —

185 1191 286 1230 idem
308 1197 457 1241 tempus
479 1193 667 1241 significat
693 1194 741 1232 de
768 1205 843 1242 quo
864 1197 953 1232 ante
975 1194 1073 1232 dixit
1092 1197 1161 1233 aut
1180 1194 1301 1243 idem,
1334 1195 1381 1233 de
1408 1207 1482 1243 quo
1502 1207 1589 1234 mox

184 1270 240 1298 vs.
269 1261 363 1299 195.

535 1365 621 1404 Jam
642 1366 762 1416 venis,
785 1366 920 1416 inquit,
942 1367 1044 1406 bona
1064 1371 1103 1406 te
1124 1367 1256 1406 Venus

534 1434 692 1475 Iuverit.

271 1538 476 1588 Reliquum
509 1543 569 1578 est
600 1540 646 1579 de
672 1533 821 1579 Phileta
847 1544 887 1579 et
912 1539 1161 1580 Callimacho.
1200 1541 1277 1580 Sed
1302 1540 1409 1580 illum
1437 1542 1590 1591 quidem

182 1618 256 1644 non
289 1607 412 1644 solum
443 1608 630 1645 amatoria
661 1608 831 1645 carmina
856 1609 1058 1656 scripsisse
1088 1612 1127 1646 et
1147 1608 1278 1647 Battin
1305 1609 1509 1657 quamdam
1533 1610 1591 1648 vel

183 1673 308 1713 Bittin
333 1674 552 1714 celebrasse
574 1677 741 1724 constat,
770 1674 837 1714 sed
859 1675 952 1714 satis
974 1675 1180 1714 verisimile
1202 1678 1262 1715 est
1282 1686 1327 1715 ea
1349 1676 1467 1715 etiam
1489 1687 1590 1716 com-

182 1744 357 1791 posuisse
389 1754 486 1792 quae
517 1743 565 1782 ab
595 1744 711 1782 huius
743 1743 878 1792 eligiae
908 1755 1047 1792 genere
1079 1756 1153 1782 non
1184 1744 1345 1782 multum
1371 1744 1587 1801 differrent.

182 1809 280 1850 Nam
301 1811 367 1861 qui
388 1811 661 1851 accuratissme
689 1811 737 1851 de
764 1822 809 1850 eo
831 1811 986 1862 scripsit
1006 1811 1188 1851 Nicolaus
1208 1811 1377 1850 Bachius
1398 1811 1589 1862 (Philetae

182 1879 250 1919 Coi
271 1879 599 1919 Hermesianactis
622 1879 846 1929 Colophonii
867 1884 982 1930 atque
1004 1879 1211 1919 Phanoclis
1232 1880 1432 1929 reliquiae.
1475 1880 1587 1919 Halis

182 1946 372 1987 Saxonum
404 1950 528 1987 1829.
551 1959 637 1998 pag.
665 1949 745 1998 18.)
772 1960 846 1987 non
872 1948 985 1987 modo
1007 1948 1133 1997 elegos
1154 1948 1259 1987 illum
1281 1951 1321 1987 et
1340 1948 1588 1987 hexametros

182 2021 221 2056 et
247 2017 393 2056 iambos
418 2018 533 2056 docet
559 2017 853 2066 conscripsisse,
887 2018 954 2056 sed
977 2018 1092 2056 etiam
1113 2029 1159 2055 ex
1180 2017 1255 2056 illis
1275 2017 1508 2055 hexametris
1529 2016 1591 2055 vel

181 2085 299 2134 elegis
330 2085 530 2124 nonnuHos
560 2085 680 2124 libros
710 2075 970 2134 inscripsisse:
1004 2079 1210 2135 Δήμητρα,
1238 2080 1379 2135 Ἑρμῆ,
1412 2083 1587 2134 Παίγνια,

175 2149 493 2204 Ἐπιγροίμματα;
516 2165 563 2192 ex
589 2154 728 2203 quibus
755 2155 906 2202 priores
927 2156 1033 2193 certe
1055 2153 1149 2192 duos
1170 2153 1374 2192 admodum
1394 2151 1590 2202 probabile

181 2224 242 2259 est
261 2221 300 2259 in
321 2221 572 2270 religionibus
594 2221 827 2270 exponendis
850 2233 934 2260 esse
957 2224 1141 2260 versatos.
1183 2221 1393 2260 Praeterea
1416 2220 1588 2268 Proper-

179 2290 270 2338 tius,
293 2292 337 2328 ut
356 2289 636 2338 Hertzbergius
657 2289 810 2338 Quaest.
834 2290 949 2339 Prop.
972 2301 1009 2338 p.
1037 2290 1132 2328 194.
1155 2292 1298 2338 monet,
1326 2289 1390 2327 hic
1411 2298 1591 2327 versuum

180 2357 301 2408 magis
323 2358 511 2396 rationem
535 2358 799 2408 sermonisque
822 2357 1059 2408 elegantiam
1074 2368 1187 2406 quam
1208 2360 1435 2407 argumenta
1451 2359 1489 2395 et
1499 2366 1591 2395 cau-

181 2437 244 2466 sas
266 2426 396 2466 dicere
417 2429 555 2476 potest,
579 2438 664 2466 cum
685 2426 788 2466 illius
807 2438 901 2478 prae
919 2438 960 2466 se
976 2424 1329 2465 fertimitationem.
1353 2423 1590 2474 Quamquam

1321 2491 1356 2520 6*
