1862 2676
907 71 1139 107 —84—

318 185 353 224 si
384 190 517 224 v‘erum
547 185 768 234 quaerimus
798 196 847 223 ne
873 184 969 223 haec
997 184 1151 234 quidem
1178 184 1302 234 elegia
1325 185 1373 224 ab
1393 184 1582 223 amatorio
1604 183 1669 223 illo
1690 186 1732 223 et

318 253 430 293 solito
455 252 648 302 Propertii
678 262 823 303 genere
854 252 967 303 plane
999 252 1125 292 aliena
1155 255 1227 292 est.
1269 253 1458 293 Extrema
1486 252 1587 292 enim
1617 255 1730 302 parte

319 333 434 361 causa
466 323 496 360 si
527 333 602 360 non
633 322 681 360 ad
707 331 879 360 amorem
899 325 941 360 at
960 324 1089 360 tamen
1110 321 1157 359 ad
1180 322 1395 361 convivium
1416 320 1613 360 amatoriis
1633 321 1729 359 deli-

320 389 388 428 ciis
424 400 499 427 non
531 389 700 429 alienum
737 389 960 436 deducitur;
998 389 1038 428 id
1068 389 1193 438 ipsum
1224 391 1353 428 autem
1385 389 1562 428 amatorii
1593 391 1731 437 poetae

318 457 593 505 existimamus,
616 468 691 495 non
715 458 838 495 solum
854 457 1007 505 quaein
1024 457 1109 505 ipso
1127 468 1256 496 amore
1276 458 1402 505 posita
1416 450 1729 504 sunt'celebrare,

316 523 385 563 sed
416 524 678 563 diversissima
710 528 749 563 et
785 524 1085 563 disiunctissima
1116 535 1293 574 quaeque
1325 535 1566 573 omnemque,
1603 527 1646 562 ut
1675 524 1731 562 ita

316 592 455 641 dicam,
479 604 612 631 rerum
633 595 810 631 naturam
831 592 880 630 ad
901 604 1069 630 amorem
1091 592 1260 641 dirigere
1280 592 1532 640 omnibusque
1555 603 1653 639 quae
1670 591 1728 630 di-

317 662 381 698 cat
402 661 514 709 quasi
536 666 667 699 notam
689 660 892 708 quamdam
914 660 1054 698 amoris
1074 660 1307 708 imprimere.
1345 659 1402 698 Ac
1423 661 1479 698 sic
1500 660 1729 708 Propertius

317 728 513 776 porticum
535 727 583 767 ab
605 728 781 777 Augusto
803 731 979 776 apertum
1001 728 1058 776 ΙΙ,
1089 730 1154 767 31.
1178 728 1233 767 ita
1254 732 1406 775 narrat,
1431 732 1474 766 ut
1498 728 1642 766 amicae
1662 738 1731 766 cur

315 795 464 834 tardior
486 796 613 834 veniat
632 796 823 834 rationem
841 795 998 842 reddat3
1021 807 1119 834 nova
1133 795 1234 834 bella
1244 795 1411 844 Augusti
1428 806 1621 844 novasque
1633 806 1728 845 quas

317 867 517 913 exspectat
550 864 737 906 victorias
767 863 845 913 III,
879 868 918 903 4.
952 865 1005 903 ita
1040 864 1228 913 celebrat,
1265 867 1309 903 ut
1339 864 1463 903 animo
1494 864 1729 913 triumphum

315 932 544 980 praecipiat,
568 944 680 980 quem
701 933 739 970 in
762 933 846 970 sinu
869 944 983 971 carae
1005 932 1117 970 nixus
1136 932 1286 980 puellae
1306 935 1549 980 spectaturus
1569 932 1631 970 sit.
1655 931 1730 970 Sed

315 998 363 1037 de
394 999 550 1037 Phileta
580 1000 779 1037 hactenus.
824 998 1103 1037 Callimachum
1134 1010 1227 1037 vero
1255 1000 1340 1047 quis
1366 999 1429 1038 hic
1451 999 1639 1048 appellari
1659 999 1728 1037 mi-

315 1071 441 1114 retur,
464 1068 527 1115 qui
549 1067 767 1105 meminerit
787 1066 895 1104 Λῖτια.
916 1067 998 1105 eius
1019 1067 1074 1105 ita
1090 1066 1209 1105 fuisse
1227 1067 1373 1115 scripta
1387 1071 1431 1105 ut
1445 1069 1529 1105 tota
1543 1067 1582 1104 in
1594 1066 1730 1105 eodem

315 1144 459 1183 genere
480 1137 598 1182 atque
623 1134 720 1172 haec
742 1133 865 1183 elegia
891 1137 1022 1172 essent
1042 1133 1191 1182 posita?
1222 1134 1311 1171 Sive
1333 1134 1452 1182 enim,
1480 1138 1522 1172 ut
1543 1134 1627 1172 aliis
1648 1134 1729 1182 pla·

315 1204 391 1250 cet,
414 1204 646 1250 perpetuum
668 1201 775 1238 illum
796 1200 868 1238 fuit
895 1211 1049 1248 poema,
1082 1200 1163 1239 sive
1189 1200 1230 1238 in
1257 1200 1416 1249 singulis
1445 1200 1578 1249 elegiis
1602 1202 1728 1240 consi-

317 1269 458 1318 stebat,
477 1272 521 1307 ut
530 1268 726 1307 Diltheius
743 1268 817 1317 (De
832 1267 1057 1307 Callimachi
1070 1267 1255 1317 cydippa.
1269 1268 1423 1317 Lipsiae
1436 1271 1450 1306 l
1462 1270 1485 1307 8
1493 1271 1515 1307 6
1522 1271 1559 1308 3.
1568 1280 1604 1317 p.
1618 1270 1729 1319 105.)

317 1349 365 1375 ex
386 1336 447 1374 his
468 1336 563 1385 ipsis
579 1336 779 1385 Propertii
801 1337 928 1385 quarti
951 1337 1040 1375 libri
1062 1336 1198 1385 elegiis
1221 1336 1392 1374 coniicit:
1418 1337 1489 1375 hoc
1512 1341 1617 1375 certe
1634 1337 1728 1376 nihil

317 1404 436 1442 habet
466 1404 736 1452 dubitationis,
769 1405 860 1453 quin
900 1404 1134 1453 singulorum
1166 1405 1358 1443 nominum
1398 1407 1436 1442 et
1466 1405 1728 1444 institutorum

237 1514 240 1516 v
317 1483 458 1510 causae
491 1471 636 1509 fuerint
666 1471 893 1519 explicatae,
927 1470 1028 1509 unde
1053 1482 1190 1509 nomen
1219 1471 1317 1509 libro
1339 1471 1502 1509 inditum
1523 1476 1601 1520 est,
1632 1473 1728 1511 illud

315 1550 408 1577 vero
430 1539 631 1577 dubitatur
656 1538 785 1588 etiam,
820 1541 947 1576 utrum
975 1549 1126 1577 amores
1152 1539 1224 1576 hoc
1252 1537 1385 1577 eodem
1412 1538 1511 1577 libro
1538 1543 1727 1578 tractave-

316 1607 383 1654 rit,
404 1610 449 1644 ut
475 1606 647 1644 Diltheio
668 1608 720 1655 (p.
747 1607 815 1644 74.
839 1608 907 1654 ss.)
929 1610 967 1644 et
989 1605 1034 1644 Ο.
1059 1605 1295 1644 Schneidero
1317 1605 1513 1655 (Prolegg.
1537 1607 1576 1644 in
1604 1606 1727 1657 Αἴτια)

315 1674 487 1722 videtur,
520 1685 569 1712 an
590 1678 745 1723 praeter
766 1673 874 1711 illum
897 1677 937 1713 et
957 1674 1116 1723 hymnos
1138 1678 1178 1711 et
1198 1674 1474 1722 epigrammata
1494 1674 1589 1713 alias
1610 1676 1727 1714 etiam

317 1745 431 1791 atque
461 1743 670 1781 amatorias
703 1742 845 1791 elegias
873 1742 1161 1791 conscripserit,
1194 1746 1237 1780 ut
1261 1741 1577 1791 Valckenaerius,
1605 1743 1727 1783 Erne-

315 1810 432 1858 stius,
454 1810 650 1849 Bentleius
676 1810 832 1848 malunt.
872 1813 926 1849 At
952 1811 1025 1849 hac
1047 1810 1242 1859 Propertii
1262 1810 1386 1858 elegia
1406 1810 1501 1848 nihil
1522 1811 1625 1849 aliud
1646 1812 1727 1860 agi-

315 1879 378 1915 tur
411 1889 527 1926 quam
558 1885 602 1916 ut
628 1878 858 1926 explicetur,
891 1889 961 1917 cur
983 1877 1151 1926 Apollini
1173 1874 1344 1916 Palatino
1366 1878 1548 1927 templum
1571 1879 1724 1918 dedica-

314 1947 397 1982 tum
419 1945 483 1983 sit.

404 2040 449 2078 In
471 2041 666 2089 septima
697 2041 820 2090 elegia
841 2041 1141 2079 Luettiohannes
1173 2043 1274 2090 (pag.
1300 2044 1367 2081 40.
1392 2043 1439 2091 s.)
1469 2045 1556 2090 post
1577 2054 1630 2081 vs.
1656 2045 1723 2081 22.

317 2106 515 2156 (Foederis
538 2108 611 2146 heu
635 2109 763 2146 taciti!
791 2109 903 2147 cuius
924 2107 1071 2146 fallacia
1093 2108 1211 2146 verba
1231 2108 1317 2147 Non
1340 2109 1508 2147 audituri
1531 2109 1725 2158 diripuere

315 2174 426 2222 Noti)
446 2175 486 2213 id
508 2175 719 2225 desiderat,
744 2177 805 2214 cui
828 2176 1023 2223 proximus
1045 2187 1194 2214 versus:

435 2290 490 2327 At
509 2291 602 2328 mihi
625 2303 699 2330 non
723 2292 854 2330 oculos
879 2293 1077 2340 quisquam
1099 2293 1317 2331 inclamavit
1338 2293 1528 2331 euntis—

315 2408 403 2454 apte
426 2410 657 2456 opponatur.
702 2407 808 2446 Idem
830 2420 904 2447 vss.
933 2411 1121 2448 35—38:
