1862 2676
896 62 1129 110 —'102—
1185 79 1191 84 ·

314 187 403 226 Non
429 198 502 235 quo
524 188 715 226 sententia
734 187 814 226 eius
835 188 882 226 ab
903 188 977 227 hoc
996 188 1080 227 loco
1101 200 1260 237 prorsus
1280 189 1403 229 aliena
1423 189 1489 236 sit,
1517 188 1586 236 sed
1606 188 1706 238 quod

314 255 465 295 omniuo
486 255 589 294 idem
610 266 743 294 versus
763 255 823 295 bis
843 256 882 294 in
903 255 1035 295 eodem
1056 257 1222 295 carmine
1242 257 1405 306 positus,
1428 256 1503 295 nisi
1523 268 1597 306 quo
1618 267 1706 296 con-

315 323 399 362 silio
417 323 469 362 sit
483 324 669 373 repetitus
690 328 862 374 apparet,
885 325 1138 373 suspicionem
1160 329 1297 364 movet.
1320 325 1482 364 Accedit
1497 325 1594 363 utin
1606 325 1707 363 Nea-

315 391 482 440 politano
503 391 631 431 codice
654 393 722 431 sit:
751 393 930 443 Accipit
954 404 1025 441 pro
1047 393 1273 443 Accipite,
1299 406 1346 433 ex
1366 405 1440 443 quo
1462 393 1707 442 imperativus

314 470 359 498 eo
385 459 542 498 consilio
568 459 692 499 factus
719 461 890 510 videtur,‘
916 464 959 499 ut
984 472 1109 500 sermo
1135 461 1236 500 inter
1258 474 1298 501 se
1319 462 1551 501 cohaereret
1578 483 1631 489 -
1652 461 1707 501 At

314 528 398 566 iure
419 531 550 568 nostro
572 540 707 568 rursus
728 530 830 568 tueri
850 530 1023 568 videmur
1043 541 1117 568 vss.
1142 532 1209 570 43.
1234 542 1264 569 s.

545 645 686 693 Quodsi
708 646 843 684 Iunoni
865 658 1014 686 sacrum
1036 645 1215 685 faceretis
1236 657 1387 685 amarae

603 714 690 753 Non
711 715 912 754 clausisset
932 726 1051 763 aquas
1071 715 1154 763 ipsa
1174 726 1341 753 noverca
1362 726 1451 754 suas
1466 736 1536 762 —,

313 842 408 879 quos
430 831 728 870 Luettiohannes
750 836 837 871 ante
852 843 907 870 vs.
928 834 994 870 67.
1014 832 1093 870 vult
1110 832 1323 871 collocatos.
1347 830 1456 880 Quod
1472 832 1572 870 enim
1593 834 1707 879 negat

312 899 521 939 Herculem
543 901 736 939 exclusum
758 912 842 940 esse
863 913 885 940 a
905 900 1071 940 fontibus
1091 903 1369 951 proptereaque
1390 900 1631 949 clausisset
1652 899 1706 938 ait

312 979 515 1018 perperam
536 981 606 1017 pro
629 969 864 1007 clauderet
885 981 969 1008 esse
990 970 1171 1018 positum,
1192 969 1232 1007 id
1252 981 1364 1018 quam
1384 969 1478 1007 nihil
1497 968 1624 1007 valeat
1647 968 1705 1007 in-

313 1037 498 1085 telligitur
520 1048 566 1074 ex
587 1048 641 1074 vs.
667 1038 733 1075 23.

546 1151 621 1190 Sed
642 1152 777 1200 procul
797 1152 999 1191 inclusas
1020 1152 1126 1190 audit
1146 1152 1273 1191 ridere
1293 1153 1438 1200 puellas
1463 1175 1513 1181 —-

307 1254 352 1303 ‚et
369 1261 416 1287 ex
433 1261 487 1303 vs.
503 1250 569 1287 32.
602 1249 655 1287 Et
669 1249 762 1287 iacit
782 1253 869 1287 ante
889 1247 993 1287 fores
1014 1248 1132 1286 verba
1151 1248 1301 1287 minora
1322 1249 1394 1287 deo
1420 1271 1471 1277 —

312 1389 369 1396 —
390 1378 516 1417 neque
537 1368 637 1405 enim
659 1366 856 1415 quisquam
879 1371 965 1405 ante
986 1368 1139 1414 apertas
1160 1365 1261 1404 fores
1287 1370 1331 1405 ut
1355 1366 1578 1405 admittatur
1597 1366 1705 1416 fiagi-

311 1440 369 1474 tat
389 1458 445 1463 —
467 1439 506 1473 et
526 1446 571 1473 ex
593 1446 647 1472 vs.
673 1436 739 1472 34.

602 1550 764 1589 Pandite
785 1549 943 1588 defessis
965 1550 1115 1598 hospita
1135 1549 1221 1588 fana
1242 1550 1335 1588 viris
1356 1572 1413 1577 —

311 1670 342 1708 si
369 1669 521 1717 quidem
548 1678 644 1715 quae
671 1666 786 1715 pandi
817 1666 991 1705 iubemus
1016 1678 1061 1704 ea
1086 1678 1160 1705 non
1188 1666 1343 1705 dubium
1369 1671 1428 1705 est
1458 1668 1548 1714 quiu
1579 1668 1706 1706 clausa

312 1737 399 1775 sint.
433 1735 542 1784 Quod
568 1739 695 1773 autem
721 1739 834 1783 negat
859 1735 1063 1773 Herculem
1088 1735 1241 1773 Iunonis
1266 1746 1378 1784 posse
1408 1746 1545 1773 nomen
1576 1735 1705 1774 dicere

313 1805 402 1854 quia
423 1804 530 1843 cuius
552 1803 645 1842 deae
667 1803 719 1841 sit
739 1803 809 1841 hoc
830 1802 960 1841 fanum
982 1803 1140 1851 nesciat,
1167 1803 1206 1841 id
1227 1803 1259 1841 si
1287 1803 1377 1851 quid
1404 1807 1506 1842 esset
1532 1803 1705 1843 offensio-

312 1874 371 1911 nis
393 1874 507 1911 etiam
528 1872 724 1910 translatis
746 1872 792 1909 iis
815 1872 988 1910 versibus
1010 1877 1195 1919 maneret,
1219 1872 1250 1909 si
1274 1872 1426 1920 quidem
1443 1884 1538 1921 quae
1559 1872 1613 1911 ibi
1635 1873 1706 1911 dea

313 1941 460 1980 colatur
492 1952 538 1979 ne
570 1939 747 1979 sacerdos
779 1940 930 1988 quidem
961 1939 1157 1989 patefacit,
1189 1940 1261 1978 etsi
1292 1953 1345 1979 vs.
1378 1944 1443 1981 55.
1482 1941 1741 1995 Interdictah,

312 2009 449 2059 inquit,
472 2009 564 2047 viris
584 2009 785 2047 metuenda
805 2009 887 2059 lege
908 2009 1036 2059 piatur
1057 2020 1153 2056 quae
1175 2020 1216 2048 se
1242 2015 1429 2050 summota
1454 2011 1619 2050 vindicat
1639 2022 1707 2049 ara

313 2090 412 2117 casa.
446 2078 685 2126 Frustraque
707 2079 772 2126 ait,
800 2078 831 2115 si
856 2083 898 2116 ut
918 2078 1023 2116 Deus
1045 2079 1161 2116 sciret
1181 2079 1308 2118 Bonae
1336 2080 1441 2118 Deae
1466 2091 1550 2118 esse
1576 2079 1703 2118 fanum

314 2147 386 2185 hoc
414 2157 564 2195 quoque
591 2145 776 2185 sciturum
803 2157 885 2185 esse
912 2146 960 2185 ad
986 2146 1068 2185 eius
1095 2158 1203 2185 sacra
1229 2148 1411 2187 accedere
1437 2148 1530 2187 viris
1557 2159 1630 2186 non
1657 2148 1703 2186 li-

314 2226 414 2252 cere.
458 2214 554 2252 Cum
586 2214 686 2252 enim
717 2226 800 2252 mox
831 2215 902 2253 etsi
933 2215 1075 2253 audivit
1111 2216 1204 2254 viris
1238 2217 1383 2255 aditum
1419 2228 1493 2255 non
1529 2218 1703 2265 permitti

313 2282 416 2320 nulla
436 2283 620 2331 religione
640 2281 856 2330 prohibitus
877 2283 914 2320 vi
935 2283 1135 2332 irrumpat,
1157 2285 1271 2323 etiam
1292 2285 1397 2333 prius
1418 2289 1461 2324 ut
1481 2286 1702 2325 admittere-

313 2356 378 2390 tur
398 2353 549 2400 poterat
568 2351 740 2401 flagitare
763 2351 834 2389 etsi
856 2355 894 2390 et
917 2364 1014 2401 quae
1035 2353 1107 2391 dea
1127 2357 1164 2391 et
1185 2354 1372 2402 quomodo
1394 2355 1586 2393 coleretur
1606 2355 1701 2393 scie-

312 2419 389 2457 bat.
422 2419 528 2458 Nihil
548 2419 665 2468 igitur
687 2419 916 2468 relinquitur
937 2432 1005 2459 cur
1030 2422 1133 2459 illum
1160 2422 1328 2461 nescisse
1348 2426 1528 2472 'putemus
1552 2422 1704 2462 Iunonis
