1862 2676
763 131 818 136 -.
852 87 911 165 57j
936 131 989 137 ,.

182 226 266 274 ipsa
292 224 504 272 opponendi
537 226 906 274 causa'appelletur,
923 227 1006 264 -sed
1035 227 1074 264 in
1096 229 1272 264 contextu
1305 223 1492 263 sermonis
1522 225 1575 262 ita

182 290 428 341 significetur,
450 297 491 330 ut
511 302 557 330 ex
577 292 649 331 alio
671 304 761 332 casu
786 294 833 340 is,
860 305 932 342 quo
963 294 1002 331 in
1027 293 1247 343 opponendo
1275 304 1369 341 opus
1396 294 1493 340 erat,
1524 291 1577 329 111-

181 359 409 407 telligendus
441 360 512 406 sit;
541 360 643 398 velut
674 360 785 399 ovid:
814 361 972 399 Heroid.
1001 361 1087 408 XV,
1115 364 1182 399 45.
1213 361 1366 408 Sappho
1399 359 1448 397 ad
1474 358 1575 397 Pha-

182 439 291 466 onem

268 577 271 580 ‚
298 537 352 572 At
372 547 444 582 me,
467 536 601 584 inquit,
624 548 706 574 cum
732 536 878 584 legeres
898 537 1012 574 etiam
1035 536 1202 574 formosa
1221 536 1393 582 videbar,
1415 557 1471 563 —

183 603 253 641 etsi
274 603 503 641 antecedunt
524 604 640 643 haec:
673 603 724 650 Si,
748 604 821 642 nisi
844 615 940 651 quae
961 604 1057 642 facie
1079 604 1221 652 poterit
1240 608 1280 642 te
1301 604 1413 651 digna
1435 603 1570 651 videri,

414 671 527 708 Nulla
543 671 670 710 futura
685 676 751 709 tua
772 676 842 719 est,
866 672 967 710 nulla
987 671 1114 710 futura
1130 677 1194 710 tua
1211 677 1272 710 est
1286 693 1336 698 —-

182 781 224 815 ut
255 778 377 825 ipsam
410 789 448 815 se
475 778 559 816 aliis
586 773 723 826 puellisv
751 778 848 817 facie
880 779 1181 826 praestantibus,
1209 790 1284 816 non
1309 789 1377 816 sua
1404 778 1573 815 carmina

180 844 314 883 alienis
337 857 525 894 opponere
547 851 742 895 appareat.
765 846 889 895 Atque
911 846 1042 884 eadem
1065 846 1119 884 vis
1145 845 1202 883 vel
1225 844 1426 884 infirmitas
1446 846 1573 894 potius
1626 896 1629 900 ¹

179 913 336 952 alterius
362 915 520 952 rationis
547 919 617 952 est.
650 914 871 952 Solitudinis
899 915 1115 952 Arethusae
1142 926 1215 952 non
1240 914 1322 952 vult
1348 914 1574 963 interrumpi

179 982 483 1029 descriptionem.
512 980 629 1028 Quasi
657 993 748 1019 vero
775 967 918 1030 elegiae
946 983 996 1019 sit
1022 994 1084 1020 res
1112 982 1243 1019 ordine
1270 992 1470 1030 exponere,
1499 993 1575 1019 non

179 1048 368 1097 cogitandi
391 1053 428 1086 et
450 1048 636 1086 sentiendi
658 1050 823 1087 ordinem
848 1050 967 1098 sequi,
990 1054 1056 1088 aut
1074 1050 1148 1087 ulla
1170 1050 1218 1087 ab
1237 1061 1280 1087 ea
1299 1049 1573 1088 sententiarum

179 1117 300 1154 series
321 1116 444 1154 aliena
466 1116 529 1164 sit,
554 1117 660 1154 cuius
683 1129 780 1165 quae
798 1118 847 1155 sit
864 1118 1079 1155 coniunctio
1097 1121 1136 1154 et
1151 1117 1357 1165 complexio
1375 1122 1571 1164 appareat,

179 1185 209 1221 si
233 1184 340 1221 modo
369 1196 482 1221 unum
510 1184 601 1221 illud
629 1196 700 1221 non
728 1184 838 1229 desit,
874 1197 947 1232 quo
980 1185 1221 1222 contineatur
1248 1196 1399 1222 carmen
1424 1196 1574 1232 quoque

178 1252 302 1289 omnia
323 1252 400 1289 sive
426 1252 505 1299 ipsa
538 1252 616 1289 sive
644 1263 713 1306 per
736 1252 810 1289 alia
841 1251 1074 1290 referantur!
1108 1251 1213 1299 Quod
1247 1264 1331 1289 cum
1365 1256 1574 1290 statuamus

178 1331 244 1356 nos
274 1331 347 1356 11011
379 1324 595 1356 nostrorum
634 1320 945 1367 philosophorum
983 1319 1191 1357 doctrinam
1232 1320 1300 1357 sed
1330 1320 1572 1368 antiquorum
1619 1344 1623 1348 -

178 1391 377 1434 poetarum
400 1386 570 1434 exempla
603 1388 728 1435 sequi,
755 1387 941 1424 neminem
966 1387 1089 1435 fugiat
1115 1388 1179 1434 qui
1206 1387 1244 1424 in
1270 1387 1343 1424 illis
1368 1398 1442 1424 non
1462 1388 1574 1435 piane

178 1455 284 1493 rudis
307 1455 368 1492 sit.
394 1455 499 1503 Ergo
523 1466 595 1492 non
621 1455 714 1493 illud
741 1460 889 1503 oportet.
916 1455 1119 1502 offendere,
1149 1455 1248 1503 quod
1274 1455 1489 1493 solitudinis
1511 1455 1574 1494 de-

178 1523 374 1571 scriptioni
396 1522 469 1561 alia
490 1525 565 1560 siut
587 1523 826 1571 interposita,
850 1523 915 1561 secl
938 1524 1008 1561 hoc
1030 1524 1162 1571 quaeri
1185 1527 1349 1571 oportet,
1368 1524 1431 1572 qui
1454 1524 1504 1561 sit
1524 1524 1573 1561 ad

179 1592 271 1629 haec
295 1591 368 1629 alia
389 1591 435 1629 ab
458 1591 523 1629 illa
543 1591 738 1629 transitus.
769 1590 850 1638 Quo
877 1592 1030 1639 quidem
1058 1592 1222 1629 transitu
1252 1591 1378 1629 nullus
1401 1596 1459 1630 est
1479 1591 1571 1630 faci-

176 1660 260 1697 lior.
303 1658 382 1696 Sibi
409 1659 506 1696 enim
533 1647 699 1707 suaeque
726 1659 920 1697 solitudini
942 1660 1138 1697 Arethusa
1159 1671 1242 1696 eam
1268 1660 1435 1707 opponit,
1462 1672 1571 1708 quae,

178 1730 310 1765 contra
336 1730 450 1775 atque
477 1727 577 1775 ipsa,
605 1727 786 1765 maritum
812 1728 848 1764 iu
877 1731 1003 1765 castra
1031 1728 1213 1765 comitata
1239 1728 1302 1774 sit,
1329 1728 1508 1776 idemque
1534 1733 1575 1766 ut

177 1795 249 1832 sibi
269 1794 385 1832 liceat
406 1798 526 1842 optat,
548 1799 591 1832 ut
612 1795 793 1832 orationis
814 1795 974 1833 eundem
996 1806 1078 1832 esse
1099 1806 1317 1842 processum
1340 1795 1575 1843 intelligatur

177 1862 242 1909 qui
275 1865 333 1899 est
358 1862 395 1899 in
422 1862 545 1910 prima
571 1862 682 1910 primi
710 1862 797 1900 libri
822 1862 965 1910 elegia,
993 1862 1057 1900 ubi
1083 1861 1310 1910 Propertius
1338 1862 1478 1900 infelici
1506 1874 1573 1901 suo

177 1941 306 1968 amore
333 1930 524 1978 descripto
551 1931 715 1978 primum
749 1931 823 1970 sibi
843 1931 1050 1969 Milaniona
1079 1931 1142 1979 qui
1168 1929 1316 1968 felicius
1343 1931 1485 1969 amavit
1506 1943 1571 1980 op-

176 1999 297 2046 ponit,
320 1998 456 2035 deinde
479 2009 654 2045 sagarum
677 2002 716 2036 et
736 1999 945 2037 amicorum
974 2010 1081 2048 opem
1104 2001 1269 2046 exoptat,
1293 2003 1373 2036 tum
1394 1998 1572 2037 adsuam

176 2066 430 2104 conditionem
453 2067 675 2106 revertitur.
705 2065 802 2113 Quid
827 2078 918 2105 vero
943 2067 1064 2114 magis
1089 2071 1147 2104 est
1173 2067 1210 2103 in
1232 2066 1289 2104 rei
1310 2070 1449 2104 natura
1469 2067 1572 2115 posi-

176 2137 271 2181 tum,
301 2143 412 2181 quam
446 2137 488 2170 ut
515 2134 578 2181 qui
611 2145 738 2171 amare
764 2146 803 2172 se
830 2135 1071 2172 vehementer
1098 2134 1239 2171 dixerit
1264 2133 1363 2171 idem
1391 2135 1572 2172 contiuuo

176 2212 244 2239 cur
275 2205 377 2239 amet
407 2201 584 2240 adiiciat?
615 2202 720 2240 Haec
752 2203 852 2240 enim
883 2206 940 2240 est
970 2201 1159 2240 sententia
1188 2213 1264 2240 vss.
1289 2203 1358 2240 49.
1382 2214 1412 2240 s.
1436 2202 1503 2241 ubi
1533 2213 1573 2240 se

175 2268 368 2307 Arethusa
387 2266 564 2306 ma‘ritam
585 2269 764 2308 maritum
788 2270 1046 2308 vehementius
1068 2281 1180 2318 quam
1200 2269 1294 2307 alias
1313 2270 1456 2309 alienos
1471 2270 1571 2308 viros

174 2332 303 2376 amare
329 2336 435 2375 dicit.
473 2336 607 2386 Neque
634 2338 824 2377 haesisset
848 2339 909 2377 hic
937 2338 1260 2387 Luettiohannes‚
1288 2341 1332 2377 ut
1356 2339 1429 2378 iam
1457 2349 1569 2387 quar·
1624 2339 1638 2344 ”

176 2409 256 2443 tum
284 2406 366 2444 eius
383 2410 649 2453 argumentum
669 2407 915 2457 attingamus,
937 2407 967 2445 si
991 2406 1085 2445 illud
1101 2407 1346 2456 respexisset,
1364 2406 1461 2456 quod
1482 2405 1573 2445 Ovi-

172 2473 259 2512 dius
280 2474 373 2512 Her.
397 2473 505 2522 XIII,
526 2476 596 2513 ¹29.
621 2487 651 2513 s.
675 2474 789 2513 dicit:
1558 2474 1563 2479 '
