1862 2676
760 111 813 115 .,
848 74 894 127 51
934 110 986 117 .-

176 215 278 245 mum
296 202 363 250 sit,
382 201 504 251 ipsum
525 213 652 241 secum
673 208 930 254 pugnaturum
952 216 1038 245 esse
1052 205 1320 254 horoscopum,
1338 203 1402 253 qui
1425 214 1508 242 cum
1531 209 1571 242 et

177 279 264 313 aute
285 276 325 309 et
349 273 439 320 post
463 270 509 309 de
536 282 613 310 uno
638 284 769 311 amore
792 261 973 323 loquatur
1000 273 1262 324 hoc-disticho
1288 273 1389 313 idem
1410 272 1569 311 alterius

175 339 315 379 amoris
339 338 570 378 mentionem
595 339 721 380 faciat.
750 340 849 379 Nam
879 344 927 379 et·
948 340 1202 390 horoscopum
1234 352 1369 380 rursus
1399 352 1421 380 a
1453 352 1569 380 versu

180 410 273 447 139.
305 407 408 456 loqui
444 411 576 446 contra
606 409 906 448 Heimreichium
948 403 1199 458 demonstrat,
1232 414 1271 448 et
1301 415 1495 448 rostrum
1529 416 1570 448 et.

175 487 322 515 ansam
346 475 394 514 de
415 487 513 514 novo
536 489 655 516 novae
676 477 825 527 puellae
846 489 974 516 amore
989 477 1085 516 dicit
1101 478 1332 526 accipienda.
1353 478 1449 517 Cum
1466 479 1566 517 enim

176 556 272 583 unus
294 543 426 583 hamus
447 545 520 583 etsi
541 545 591 584 sit
612 546 750 596 duplex
775 546 830 584 ita
854 546 982 585 excuti
1008 549 1188 595 nequeat,
1221 550 1264 585 ut
1283 557 1359 585 una
1373 552 1483 596 parte
1504 558 1566 586 re-

173 616 275 651 mota
296 612 416 652 altera
435 614 470 652 is
491 615 556 662 qui
588 620 720 665 captus
752 614 871 654 suerit
902 615 1024 654 denuo
1050 615 1238 664 capiatur,
1265 615 1425 654 alterum
1454 628 1567 655 unco

173 680 336 720 alterum
356 694 463 721 ansa
484 686 711 723 tormentum
738 683 905 733 duasque
935 684 1094 733 puellas,
1127 695 1202 722 non
1224 695 1339 722 unam
1361 677 1564 733 designari.

171 749 213 787 In
237 761 311 798 qua
331 742 659 799 argumentatione
682 752 847 800 primum
877 752 949 790 hoc
977 752 1235 800 concedimus,
1266 752 1468 800 horoscopi
1491 765 1566 791 nou

172 817 389 865 Appollinis
410 818 478 857 hos
504 832 587 858 esse
616 832 769 867 versus;
797 832 1027 868 quamquam
1053 819 1161 858 nobis
1187 819 1352 868 quidem,
1383 824 1425 858 ut
1449 832 1566 869 supra

169 886 401 937 aperuimus,
425 899 498 926 non
519 889 558 926 hi
580 888 714 936 solum,
742 889 808 926 sed
835 888 951 932 etiam
977 888 1196 937 superiores
1217 888 1386 926 eiusdem
1408 899 1493 927 esse
1514 890 1566 927 vi-

168 953 317 1004 dentur,
345 959 388 994 ut
414 956 579 1005 Apollini
601 956 726 994 nullus
752 956 1004 1005 relinquatur.
1033 956 1166 1005 Neque
1192 956 1286 994 illud
1314 968 1510 1005 negamus,
1534 958 1565 995 si

168 1022 450 1061 transferantur
470 1025 508 1061 in
529 1024 643 1062 alium
676 1025 812 1074 locum,
835 1025 881 1063 de
912 1024 1088 1073 pluribus
1115 1024 1251 1073 puellis
1281 1035 1391 1073 posse
1417 1026 1562 1074 accipi:

168 1102 242 1139 quo
263 1090 346 1130 loco
367 1092 405 1129 in
427 1091 537 1130 libris
558 1093 826 1141 manuscriptis
846 1093 961 1140 positi
985 1093 1073 1141 siut,
1101 1104 1174 1130 non
1195 1104 1320 1141 posse.
1345 1093 1422 1131 Sed
1444 1105 1563 1141 quan·

168 1162 248 1197 tum
269 1170 337 1197 nos
359 1159 532 1198 videmus
553 1160 647 1198 nihil
670 1164 730 1198 est
760 1160 798 1198 in
830 1160 878 1198 iis
904 1160 1051 1209 quo-de
1074 1171 1149 1198 uno
1170 1163 1237 1198 aut
1257 1160 1476 1199 continuato
1497 1166 1564 1200 aut

168 1227 430 1276 redintegrato
451 1239 582 1265 amore
604 1228 775 1275 cogitare
800 1228 1083 1276 prohibeamur.
1113 1227 1283 1265 Primum
1310 1228 1422 1276 enim,
1445 1229 1476 1266 si
1497 1241 1561 1267 ve-

168 1306 253 1332 rum
287 1294 516 1343 quaerimus,
545 1306 592 1332 ne
612 1295 749 1333 hamus
776 1295 927 1344 quidem
953 1306 1039 1333 are
1060 1295 1207 1333 alienus
1228 1299 1300 1333 est.
1329 1295 1424 1334 Nam
1451 1297 1483 1334 si
1504 1297 1564 1346 pi-

168 1363 255 1411 scis,
279 1374 364 1401 cum
387 1362 576 1412 duplicem
599 1375 685 1401 cum
707 1375 794 1402 esca
814 1363 967 1402 hamum
987 1375 1052 1402 ore
1075 1364 1232 1412 recepit,
1256 1375 1332 1402 una
1352 1364 1433 1402 01118
1453 1369 1563 1413 110ηο

167 1420 429 1479 apprehensus
461 1431 578 1470 iactat
599 1436 715 1480 0011111
737 1435 776 1470 01
795 1435 839 1470 111
860 1430 1020 1471 Ovidius
1040 1432 1095 1470 ait
1114 1431 1324 1470 Halieutic.
1349 1434 1415 1470 39.
1440 1444 1490 1471 ss.

339 1567 528 1606 Discursu
548 1567 672 1606 fertur
692 1568 798 1606 vario
818 1567 1032 1617 fluctusque
1052 1567 1219 1607 ferentes

339 1636 591 1685 Prosequitur
613 1640 843 1686 quassatque
864 1640 993 1686 caput,
1016 1637 1106 1675 dum
1127 1637 1284 1675 vulnere
1305 1648 1440 1675 saevus

338 1704 485 1744 Laxato
507 1705 618 1744 cadat
638 1705 774 1744 hamus
795 1710 834 1744 et
855 1716 923 1743 ora
943 1705 1117 1754 patentia
1136 1705 1305 1754 linquat:

165 1840 234 1880 0111·
274 1853 347 1881 11011
378 1843 449 1882 1100
490 1843 575 1891 11180
612 1843 745 1892 00111118
782 1843 988 1882 iactatione
1030 1843 1225 1881 contraria
1265 1854 1355 1891 pars
1396 1843 1473 1881 oris
1504 1843 1559 1881 al-

163 1913 248 1949 tero
290 1910 391 1949 hami
433 1922 525 1950 unco
567 1917 634 1950 aut
673 1912 881 1960 arripiatur
921 1915 988 1950 aut
1027 1914 1154 1950 tamen
1190 1922 1301 1960 posse
1342 1911 1460 1960 arripi
1503 1912 1558 1949 vi-

163 1978 325 2018 deatur?
347 1979 481 2029 Neque
513 1980 612 2018 enim
633 1980 681 2019 ad
712 1982 839 2019 vivum
871 1980 999 2019 omnia
1019 1980 1057 2018 in
1078 1979 1329 2018 translatione
1350 1980 1561 2019 resecanda

163 2053 273 2098 sunt,
321 2048 388 2087 sed
429 2049 641 2099 claudicat,
689 2053 732 2088 ut
777 2049 905 2099 aiunt,
952 2049 1072 2088 omnis
1114 2035 1373 2098 comparatio,
1415 2049 1558 2088 ridicu-

160 2117 262 2166 lique
293 2118 483 2167 videntur,
529 2118 593 2167 qui
625 2129 648 2156 a
677 2118 800 2167 poetis
821 2117 1018 2167 flagitant,
1060 2119 1111 2192 l&
1134 2117 1172 2154 in
1203 2117 1250 2154 iis
1278 2127 1374 2164 quae
1402 2128 1556 2165 compa-

159 2190 246 2223 rent
265 2186 467 2224 veritatem
490 2188 651 2235 semper,
674 2196 865 2234 nunquam
892 2185 1056 2234 speciem
1083 2188 1304 2233 sequantur.
1327 2184 1478 2223 Verum
1499 2191 1557 2224 ta-

160 2265 244 2291 men
275 2254 347 2292 hoc
387 2254 512 2304 ipsum
549 2253 751 2293 admodum
787 2253 942 2291 dubium
980 2258 1057 2302 est,
1101 2253 1198 2291 sitne
1228 2253 1323 2291 haec
1354 2253 1555 2305 translatio

160 2326 311 2372 sumpta
332 2334 354 2361 a
375 2335 419 2362 re
441 2324 660 2372 piscatoria.
683 2323 853 2361 Primum
877 2322 975 2361 enim
996 2322 1070 2361 etsi
1097 2322 1236 2371 duplex
1256 2321 1394 2360 hamus
1415 2333 1554 2361 memo-

159 2395 269 2430 ratur
289 2404 311 2431 a
333 2392 467 2431 Persio
490 2391 570 2431 Sat.
590 2393 639 2441 V,
656 2394 736 2431 154
758 2391 914 2442 (duplici
928 2392 973 2429 ’111
995 2390 1187 2430 diversum
1209 2391 1395 2430 scinderis
1416 2391 1557 2439 hamo),

159 2471 293 2508 parum
320 2465 445 2500 tamen
471 2461 590 2510 liquet
616 2461 704 2510 quid
733 2462 839 2499 sitin
871 2472 914 2499 eo
947 2472 1080 2510 uncus,
1119 2460 1209 2508 quid
1240 2472 1345 2508 ansa,
1376 2459 1465 2507 quid
1496 2470 1557 2497 ro-

1282 2536 1322 2564 4³22
