1862 2676
839 45 1066 84 -23—

259 162 325 202 Pr.
344 163 388 216 4
409 161 463 200 Et
482 163 597 210 caput
614 161 799 210 impositis
817 162 959 211 pressit
977 151 1094 201 Amor
1113 161 1273 211 pedibus
1287 182 1337 188 —
1406 184 1408 186 ·

259 230 366 270 Rem.
388 222 475 269 Am.
503 230 600 268 530.
620 227 673 268 Et
692 232 761 268 tua
779 239 914 268 saevus
935 229 1053 268 Amor
1073 228 1144 268 sub
1165 228 1261 278 pede
1281 227 1380 268 colla
1399 226 1551 277 premit.

260 297 325 337 Pr.
350 299 387 336 5.
410 297 540 336 Donec
559 308 621 336 me
643 296 771 336 docuit
790 301 916 336 castas
935 297 1059 336 odisse
1078 297 1223 346 puellas
1240 317 1289 324 —

259 367 344 405 Am.
366 364 436 415 ΠΙ,
463 366 529 415 14,
554 366 627 404 39..
663 363 769 404 Tunc
789 375 886 403 amo:
918 368 1008 403 tunc
1039 364 1102 403 odi
1131 363 1278 436 frustra
1306 363 1406 411 quod
1431 373 1559 402 amare
1579 373 1644 401 ne·

1331 442 1436 469 cesse
1456 434 1526 470 est.
1564 436 1570 443 ’

256 500 322 539 Pr.
348 501 386 539 9.
409 511 459 539 ss.
488 499 672 539 Milanion
691 498 815 538 nullos
836 497 1032 547 fugiendo,
1053 498 1177 547 Tulle,
1199 497 1350 537 labores

570 567 777 607 Saevitiam
798 566 916 605 durae
938 565 1111 605 contudit
1129 566 1296 605 Jasidos.
1327 575 1329 578 ·

490 635 587 674 Nam
607 635 720 675 modo
740 634 958 673 Partheniis
978 645 1107 673 amens
1129 633 1285 673 errabat
1304 633 1344 671 in
1364 633 1496 682 antris,

286 690 307 766 ‘x
563 704 648 742 Ibat
669 706 709 741 et
728 703 896 741 hirsutas
916 702 979 740 ille
999 702 1131 740 videre
1151 701 1265 740 feras.

305 767 319 817 Χ
484 771 551 811 Ille
572 772 688 811 etiam
707 770 844 821 Hylaei
864 780 1068 819 percussus
1087 769 1243 808 vulnere
1264 769 1360 807 rami

562 839 721 878 Saucius
743 837 921 877 Arcadiis
942 837 1102 886 rupibus
1122 837 1318 885 ingemuit.

355 956 359 962 Χ
485 907 588 956 Ergo
609 906 772 945 velocem
791 905 917 955 potuit
936 904 1127 944 domuisse
1147 904 1327 954 puellam:

357 963 374 1016 ’κ
562 975 725 1013 Tantum
746 975 785 1012 in
805 985 933 1012 amore
953 985 1085 1022 preces
1107 977 1145 1013 et
1166 974 1262 1012 bene
1281 973 1383 1013 facta
1402 973 1539 1012 valent.

266 1079 311 1116 A·
326 1080 372 1117 A·
384 1057 422 1139 Ϊ,
435 1083 528 1121 183.
547 1093 596 1120 ss.
620 1080 851 1130 Obsequium
867 1081 1059 1129 tigresque
1076 1080 1203 1119 domat
1221 1079 1482 1129 Numidasque
1501 1080 1638 1120 leones.

418 1157 419 1161 ’
568 1149 729 1188 Rustica
749 1148 945 1198 paullatim
965 1152 1098 1187 taurus
1119 1147 1238 1186 aratri
1260 1147 1375 1187 subit.

482 1218 583 1266 Quid
603 1217 676 1255 fuit
696 1217 868 1266 asperius
888 1216 1105 1255 Nonacrina
1125 1216 1327 1255 Atalanta?

566 1284 777 1323 Succubuit
797 1284 946 1323 meritis
968 1287 1058 1322 trux
1078 1288 1205 1322 tamen
1226 1284 1290 1322 illa
1309 1284 1413 1322 viris.

482 1352 601 1407 Saepe
622 1364 709 1391 suos
730 1364 838 1391 casus
857 1363 926 1390 nec
946 1351 1054 1389 mitia
1073 1351 1173 1390 facta
1193 1351 1341 1400 pueUae

568 1420 695 1458 Flesse
716 1419 784 1458 sub
807 1419 1010 1466 arboribus
1032 1418 1242 1457 Milaniona
1260 1407 1401 1458 ‘ferunt

490 1482 603 1537 Saepe
624 1488 713 1527 tulit
732 1489 836 1527 iusso
857 1487 1006 1527 fallacia
1026 1488 1122 1526 retia
1142 1487 1252 1526 collo:

566 1556 685 1606 Saepe
706 1555 787 1595 fera
808 1559 939 1595 torvos
961 1556 1115 1605 cuspide
1138 1555 1222 1594 fixit
1242 1567 1366 1605 apros.

488 1617 606 1664 Sensit
627 1630 667 1664 et
687 1625 824 1675 Hylaei
845 1628 1062 1664 contentum
1082 1625 1236 1664 saucius
1257 1636 1403 1664 arcum:

572 1691 642 1731 Sed
663 1699 789 1732 tamen
811 1693 882 1731 hoc
902 1704 992 1731 arcu
1012 1694 1138 1731 notior
1161 1693 1259 1731 alter
1279 1697 1371 1731 erat.

253 1795 328 1833 Sed
355 1796 447 1834 satis
473 1798 737 1845 exemplorum.
789 1799 828 1837 Si
858 1803 983 1837 autem
1015 1799 1151 1836 horum
1188 1798 1393 1837 similitudo
1423 1799 1635 1847 qualiscun-

252 1874 325 1912 que
346 1864 498 1903 videtur
518 1877 591 1904 non
613 1867 732 1907 minor
753 1872 812 1906 est
833 1866 1077 1906 similitudine
1099 1879 1250 1917 eorum,
1284 1878 1380 1916 quae
1410 1878 1432 1906 a
1461 1866 1634 1906 Caruttio

251 1930 511 1982 proferuntur,
534 1934 564 1971 si
585 1934 623 1972 in
641 1946 767 1974 omnes
783 1935 863 1974 fere
880 1936 1071 1983 Propertii
1088 1936 1228 1984 elegias
1244 1947 1320 1974 non
1336 1936 1533 1986 pauciores
1550 1947 1634 1974 ver·

249 2011 314 2038 sus
335 1999 461 2039 Ovidii
483 2002 627 2041 similes
648 2002 823 2043 facillime
843 2007 997 2052 possunt
1017 2003 1161 2052 colligi:
1194 2015 1241 2042 ne
1267 2005 1305 2042 in
1326 2007 1463 2053 quarto
1483 2003 1634 2053 quidem

247 2066 343 2106 libro
376 2080 420 2107 ea
451 2070 657 2109 similitudo
689 2072 784 2110 inira
813 2071 934 2110 videri
959 2071 1084 2109 debet.
1118 2072 1277 2110 Accedit
1297 2075 1341 2110 ut
1360 2083 1434 2111 non
1453 2072 1634 2121 pauciora

247 2134 397 2175 Tibullo
418 2141 457 2176 et
476 2138 678 2187 Propertio
701 2140 908 2178 communia
929 2139 1022 2187 sint,
1055 2139 1154 2177 unde
1176 2151 1249 2177 non
1269 2140 1363 2178 illud
1385 2139 1561 2189 efficitur,
1591 2143 1634 2178 ut

249 2213 293 2240 ea
323 2213 346 2240 a
374 2204 574 2254 Propertio
605 2207 726 2245 aliena
759 2208 849 2255 sint,
880 2207 946 2245 sed
977 2211 1019 2244 ut
1051 2207 1262 2255 elegiarum
1292 2208 1520 2257 scriptorum
1551 2218 1630 2245 eam

245 2269 360 2310 fuisse
386 2274 608 2314 societatem
630 2279 669 2314 et
690 2275 991 2315 communitatem
1012 2280 1212 2324 appareat,
1245 2279 1287 2314 ut
1317 2287 1381 2315 res
1403 2276 1552 2315 easdem
1572 2276 1632 2315 vel

244 2339 370 2377 verbis
392 2351 507 2390 saepe
527 2343 661 2381 iisdem
684 2344 945 2392 exprimerent.
989 2344 1121 2392 Neque
1142 2344 1181 2382 id
1196 2344 1336 2382 mirum
1358 2345 1506 2383 videtur
1526 2348 1632 2383 tanta

244 2418 372 2447 eorum
399 2410 682 2460 coniunctione,
716 2423 828 2460 quam
860 2410 1016 2451 Ovidius
1038 2412 1221 2452 describit
1241 2413 1356 2452 Trist.
1380 2412 1446 2461 IV,
1473 2413 1538 2462 10,
1562 2415 1629 2452 45.
