1862 2676
865 75 1095 112 -20-

281 194 497 235 confitetur.
519 193 643 232 Tanta
662 201 865 230 causarum
886 200 983 238 quae
1003 192 1226 230 tractantur
1241 195 1301 232 est
1324 192 1551 243 communio,
1572 203 1684 243 prae-

281 263 414 303 sertIm
445 262 548 301 inter
572 259 820 309 Propertium
850 261 892 298 et
922 256 1114 308 Ovidium,
1148 268 1223 308 qua
1253 259 1302 300 de
1332 271 1376 300 re
1405 260 1498 301 olim
1521 260 1686 310 disserui

280 342 326 369 eo
371 330 520 379 libello,
568 339 679 378 quem
729 327 936 375 inscripsi:
990 326 1048 364 De
1099 327 1286 366 Amorum
1331 327 1458 368 Ovidii
1502 334 1543 368 et
1586 329 1683 369 Pro-

279 398 397 448 pertii
438 397 651 448 elegiarum
697 392 945 434 similitudine
996 392 1304 444 (Jahresbericht
1352 395 1421 435 der
1461 396 1686 437 St.-Annen

282 466 437 506 Schule.
465 463 801 511 St.-Petersburg‚
834 463 977 510 1861):
1010 461 1084 510 Qui
1110 462 1208 511 quod
1234 463 1387 503 libellus
1412 465 1451 503 in
1475 477 1685 515 paucorum
1718 500 1721 502 .

280 545 415 573 manus
440 532 626 583 pervenit,
660 542 734 570 non
761 529 916 580 quidem
944 529 1069 569 omnia
1089 529 1153 569 illa
1181 531 1380 572 consilium
1405 535 1464 572 est
1482 533 1683 574 transscri-

280 603 389 650 bere,
417 606 458 640 at
477 613 594 640 unum
621 600 789 648 primum
815 598 952 637 librum
980 597 1108 637 Ovidii
1134 600 1188 637 ita
1212 610 1497 650 persequemur,
1522 607 1565 640 ut
1589 613 1685 651 quae

283 670 421 720 cuique
458 669 558 719 apud
594 667 841 717 Propertium
878 666 1134 715 respondeant
1169 666 1395 707 brevissime
1428 669 1683 709 ostendamus.

281 738 335 777 Ut
366 738 486 787 igitur
512 736 673 777 Ovidius
698 737 784 775 Am.
814 735 844 773 I.
874 737 909 773 l.
941 733 1062 773 refert
1087 735 1277 783 quomodo
1313 737 1360 775 ab
1387 737 1472 776 aliis
1501 738 1685 786 poematis

281 804 550 854 componendis
588 803 636 842 ab
668 803 810 841 Amore
842 802 890 841 ad
923 801 1065 850 elegias
1094 802 1145 840 sit
1174 807 1396 852 revocatus,
1429 805 1483 843 ita
1518 805 1685 854 Proper-

280 874 358 913 tius
380 873 451 923 ΙΙΙ,
468 875 505 913 3.
519 873 619 913 idem
642 871 713 911 sibi
735 871 783 911 ab
805 870 983 921 Apolline
1003 870 1147 910 factum
1167 874 1315 919 narrat3
1337 874 1382 910 ut
1400 871 1465 911 ille
1493 873 1523 922 I,
1549 874 1614 913 13.
1638 872 1685 912 de

280 941 356 980 fide
392 953 461 980 sua
497 941 783 988 carminumque
818 939 1018 977 nobilitate
1054 939 1154 987 apud
1191 939 1350 978 amicam
1385 941 1595 989 praedicat,
1631 942 1685 980 ita

282 1010 345 1049 hic
366 1009 416 1057 ΙΙ,
443 1011 509 1049 25.
533 1013 572 1047 et
593 1008 663 1056 III,
690 1010 743 1055 2.;
771 1010 814 1045 ut
841 1006 903 1045 ille
924 1006 954 1055 Ι,
980 1008 1017 1045 6.
1046 1007 1249 1045 ianitorem
1286 1011 1329 1046 ut
1359 1019 1399 1047 se
1420 1008 1599 1048 admittat
1619 1010 1685 1049 ad-

281 1077 476 1125 hortatur,
500 1077 553 1113 ita
574 1076 636 1113 hic
656 1076 687 1123 Ι,
710 1077 774 1113 16.
798 1075 952 1112 ianuam
972 1073 1067 1112 facit
1087 1075 1231 1112 similes
1252 1076 1415 1113 amantis
1432 1077 1607 1124 querelas
1624 1088 1684 1115 re-

281 1143 485 1190 ferentem3
508 1149 552 1181 ut
572 1143 637 1181 ille
658 1143 690 1190 Ι,
705 1144 743 1181 9.
762 1153 927 1180 amorem
953 1153 1037 1179 cum
1058 1141 1197 1180 militia
1218 1141 1379 1192 confert,
1397 1143 1452 1181 ita
1472 1144 1535 1183 hic
1551 1145 1602 1193 ΙΙ,
1621 1148 1685 1183 12.

285 1212 468 1249 Amorem
485 1222 571 1249 cum
590 1221 722 1259 puero.
734 1210 832 1247 Item
848 1209 1004 1247 alterius
1016 1209 1046 1256 Ι,
1064 1211 1142 1257 12.,
1156 1209 1313 1247 alterius
1324 1209 1394 1258 III,
1414 1212 1480 1248 23.
1502 1211 1549 1249 de
1571 1212 1687 1250 tabel-

285 1279 332 1318 lis
354 1283 424 1318 est.
441 1279 547 1317 Lena
565 1289 652 1316 vero
676 1288 788 1326 quam
804 1281 1022 1325 promptum
1039 1276 1118 1314 illis
1141 1277 1266 1325 poetis
1286 1282 1550 1326 argumentum
1572 1278 1688 1318 fuerit

284 1347 371 1385 inde
392 1347 508 1385 etiam
529 1349 701 1395 apparet,
727 1345 827 1393 quod
855 1344 1027 1383 Tibullus
1053 1355 1203 1393 quoque
1236 1355 1310 1383 non
1338 1345 1400 1383 ille
1430 1346 1582 1395 quidem
1604 1347 1687 1386 eius

287 1415 594 1464 praeceptionem
612 1413 783 1452 carmine
805 1411 1081 1460 complectitur,
1099 1416 1139 1450 at
1155 1418 1282 1450 tamen
1299 1413 1350 1461 II,
1367 1415 1405 1462 6,
1425 1415 1493 1452 44.
1516 1414 1686 1453 breviter

285 1482 541 1530 conqueritur,
563 1480 594 1529 Ι,
620 1483 657 1528 5,
681 1481 749 1518 48.
774 1479 947 1527 pluribus
968 1479 1184 1517 detestatur
1204 1484 1319 1528 atque
1340 1480 1490 1519 elevare
1512 1486 1684 1521 conatur.

370 1549 553 1598 Sequitur
575 1549 736 1597 septima
757 1548 892 1596 elegia,
926 1558 1040 1595 quam
1062 1546 1260 1585 Caruttius
1286 1552 1326 1586 et
1349 1559 1372 1586 a
1392 1548 1588 1597 Propertii
1611 1561 1688 1589 mo-

284 1618 390 1656 ribus
412 1621 451 1655 et
472 1628 494 1655 a
513 1615 701 1666 Cynthiae
722 1615 883 1653 alienam
899 1615 954 1653 ait
971 1625 1069 1653 esse.
1086 1614 1221 1662 Neque
1240 1615 1339 1654 enim
1360 1615 1466 1654 illum
1486 1617 1687 1665 probabile

285 1697 369 1724 esse
392 1696 503 1734 quam
524 1685 614 1723 olim
635 1687 837 1731 tantopere
859 1687 1027 1721 amasset
1043 1683 1125 1721 eius
1140 1681 1254 1721 funus
1275 1694 1435 1732 prorsus
1455 1685 1683 1734 neglexisse,

285 1764 406 1802 neque
432 1752 523 1791 huic
549 1762 647 1800 quae
679 1751 725 1789 de
745 1749 896 1789 Subura
927 1753 1131 1788 narrentur
1166 1761 1249 1788 esse
1281 1755 1547 1790 consentanea.
1581 1751 1686 1800 Quae

284 1825 415 1859 contra
436 1831 570 1859 rursus
591 1819 869 1858 adhortandum
897 1818 1048 1857 videtur
1072 1829 1119 1857 ne
1140 1818 1307 1867 Augusti
1336 1819 1531 1858 saeculum
1553 1825 1686 1860 nostra

285 1887 561 1926 consuetudine
592 1886 805 1924 metiamur.
839 1884 940 1933 Quid
971 1886 1100 1924 enim?
1132 1896 1228 1934 quae
1257 1885 1430 1925 Catullus
1461 1887 1508 1925 de
1533 1887 1683 1937 Lesbia,

287 1955 445 1995 Ovidius
471 1955 519 1993 de
547 1954 716 1994 Corinna
746 1958 945 1999 memorat,
978 1965 1066 1991 num
1097 1965 1142 1992 ea
1171 1954 1413 1993 honestiora?
1442 1954 1516 1993 Sed
1547 1956 1585 1993 in
1611 1956 1691 1994 ista<

287 2024 523 2072 turpitudine
554 2022 616 2061 vel
647 2022 790 2060 morari
822 2021 965 2060 diutius
996 2025 1109 2071 turpe
1141 2025 1212 2060 est.
1248 2021 1325 2061 Cur
1350 2026 1477 2061 autem
1502 2034 1525 2061 a
1550 2023 1684 2062 funere

288 2091 475 2140 Cynthiae
486 2090 713 2139 Propertius
734 2087 912 2137 abfuerit,
935 2101 1024 2127 num
1045 2089 1140 2128 adeo
1161 2088 1315 2128 difficile
1337 2093 1395 2128 est
1414 2090 1600 2128 rationem
1621 2102 1682 2130 re-

285 2158 439 2207 perire?
462 2157 560 2206 Quid
581 2157 615 2196 si
636 2157 793 2196 discidio
815 2156 915 2196 facto
936 2157 995 2196 vel
1016 2157 1210 2196 nesciebat
1230 2168 1315 2196 esse
1335 2158 1550 2196 mortuam?
1571 2157 1684 2198 Certe

284 2236 361 2263 non
386 2225 534 2263 tantula
563 2228 648 2263 erat
674 2224 808 2273 Roma,
842 2227 886 2262 ut
917 2224 964 2262 de
991 2224 1078 2262 talis
1107 2227 1229 2262 morte
1260 2224 1429 2264 mulieris
1454 2225 1514 2265 vel
1539 2226 1684 2265 invitus

284 2293 409 2344 quivis
431 2293 592 2342 audiret,
615 2304 684 2331 nec
706 2292 891 2332 dissimile
913 2293 997 2332 veri
1017 2295 1077 2332 est
1096 2292 1200 2332 illum
1222 2292 1261 2331 id
1282 2296 1451 2333 secutum
1474 2294 1575 2344 quod
1592 2293 1683 2333 Ovi-

286 2364 372 2402 dius
403 2363 593 2412 praecipit
618 2363 724 2401 Rem.
748 2363 833 2400 Am.
860 2364 956 2401 619.
980 2373 1045 2410 ss.,
1073 2364 1116 2400 ut
1139 2362 1186 2401 de
1216 2362 1404 2401 industria
1429 2373 1579 2402 omnem
1600 2362 1683 2402 eius

284 2432 678 2472 commemorationem
714 2435 828 2479 atque
870 2430 1161 2470 admonitionem
1202 2429 1365 2480 fugeret.
1407 2430 1517 2478 Quod
1555 2433 1681 2470 autem
