1862 2676
741 50 971 87 -41-

164 150 240 208 sua·
269 155 498 215 patrimonia
515 186 518 188 ψ
533 164 750 213 amiserint,
792 165 934 204 ceteris
974 165 1114 203 clarius
1149 162 1317 203 declarat
1350 161 1550 211 Appianas

111 235 116 237 ’
163 240 249 284 pag.
276 232 537 285 1076.‚‘apud
558 218 671 281 quem*
690 232 877 271 Antonius
898 233 952 286 ait
966 231 1213 282 Octavianum
1248 233 1324 272 isse
1343 231 1384 269 in
1400 229 1551 268 Italiam

163 306 342 351 tanquam
362 305 517 339 omnem
533 299 684 339 Italiam
711 299 866 339 sedibus
892 300 972 338 suis
993 303 1205 338 emoturam
1224 294 1464 349 (ἀναστήσων
1482 295 1551 347 τὴν

163 364 349 417 Ἰταλίαν).
368 368 470 417 Quid
489 367 589 417 quod
609 367 771 412 fortasse
793 370 952 416 quartus
971 367 1070 406 liber
1092 379 1176 405 cum
1197 368 1319 416 primo
1339 368 1400 406 vel
1419 367 1550 406 verbis

165 436 355 477 concinit?
400 437 536 485 Neque
557 437 656 475 enim
683 447 840 475 necesse
866 430 929 474 est
953 435 1047 474 illud
1076 435 1240 475 relicta
1265 436 1312 475 de
1332 436 1548 476 hereditate

164 506 407 554 accipiamus,
436 504 504 542 sed
529 508 656 552 potest
675 503 723 541 de
743 504 828 551 ipsa
848 504 917 541 illa
941 505 1087 560 pertica
1112 508 1226 552 atque
1253 515 1431 552 agrorum
1456 505 1550 543 divi-

164 574 267 612 sione
288 573 420 622 accipi,
443 572 476 611 si
497 572 647 621 quidem
668 571 850 621 quidquid
871 571 1088 620 patrimonii
1114 583 1266 621 quoquo
1291 572 1404 611 modo
1429 572 1547 612 relin-

164 642 294 691 quitur
314 641 416 680 domi
446 640 685 690 relinquitur.
718 640 942 679 Extremum
972 640 1254 679 Heimreichius
1285 644 1548 690 argumentum

163 711 232 749 hoc
253 708 408 759 profert,
422 713 463 747 ut
480 720 575 758 quae
596 708 642 747 de
663 708 841 757 Apolline
862 709 1037 747 dicantur
1058 720 1133 747 vss.
1161 711 1253 748 133.
1283 721 1312 748 s.

278 826 373 864 Tum
393 826 463 864 tibi
486 837 608 873 pauca
628 837 695 864 suo
717 826 763 863 de
785 826 950 864 carmine
972 825 1090 864 dictat
1109 825 1244 873 Apollo

339 894 388 933 Et
410 897 515 933 vetat
534 894 665 932 insano
688 894 803 932 verba
823 897 958 932 tonare
979 893 1130 932 foro—

163 1020 207 1047 ea
229 1015 381 1058 sumpta
412 1009 512 1048 dicat
543 1021 589 1047 ex
616 1010 686 1058 III,
712 1011 763 1057 3.,
791 1021 864 1058 qua
890 1021 930 1047 se
957 1010 1080 1058 elegia
1103 1009 1330 1058 Propertius
1357 1014 1487 1048 narrat
1507 1011 1546 1048 in

163 1078 344 1117 Helicone
366 1077 413 1116 ab
429 1078 602 1126 Apolline
623 1077 669 1116 ab
691 1078 799 1126 epico
821 1081 993 1126 poemate
1009 1077 1056 1115 ad
1078 1078 1259 1116 amatoria
1274 1080 1441 1117 carmina
1455 1090 1545 1117 avo-

162 1150 299 1185 catum.
333 1147 384 1184 At
409 1146 503 1185 haec
535 1146 685 1195 quidem
712 1157 816 1184 mera
842 1149 901 1184 est
926 1145 1060 1194 petitio
1085 1146 1275 1194 principii.
1307 1146 1422 1184 Prius
1447 1147 1545 1184 enim

162 1208 415 1253 demonstrari
437 1215 634 1263 oportebat
654 1214 747 1252 haee
768 1213 815 1252 ad
845 1215 1057 1264 exemplum
1079 1214 1275 1263 Propertii
1295 1215 1341 1253 ab
1364 1214 1450 1263 alio,
1473 1225 1545 1253 non

161 1283 207 1321 ab
228 1279 310 1330 ipso
332 1294 414 1320 esse
441 1282 601 1330 scripta:
638 1288 718 1319 tum
739 1283 802 1330 qui
828 1283 1066 1330 potissimum
1091 1282 1197 1336 locus
1220 1294 1423 1331 expressus
1445 1287 1547 1321 esset

161 1350 333 1388 indicari.
356 1349 429 1387 Sed
451 1356 493 1387 ut
514 1349 564 1387 sit
584 1349 798 1397 probatum,
828 1347 930 1398 quod
958 1361 1025 1388 nec
1052 1350 1253 1398 probatum
1281 1353 1340 1388 est
1366 1361 1435 1388 nec
1456 1362 1545 1398 pro—

161 1417 329 1466 babitur3
362 1417 427 1455 illo
450 1421 552 1455 certe
573 1429 619 1455 ex
641 1419 806 1455 carmine
837 1418 931 1455 haec
962 1418 1060 1456 sumi
1085 1417 1189 1455 nullo
1215 1422 1327 1466 pacto
1354 1422 1542 1467 poteraut.

161 1484 269 1532 Quod
291 1485 390 1523 enim
410 1485 473 1524 hic
494 1485 648 1534 dicitur,
675 1486 714 1524 id
740 1486 812 1524 etsi
832 1485 967 1534 Apollo
995 1485 1192 1535 utrobique
1213 1490 1449 1525 memoratur
1470 1499 1544 1526 non

159 1553 258 1591 idem
281 1557 340 1592 est
360 1554 461 1602 quod
481 1554 559 1592 11116
581 1559 771 1592 narratur.
796 1554 868 1592 Hic
885 1554 1021 1602 Apollo
1036 1554 1277 1602 Propertium
1299 1566 1322 1592 a
1342 1555 1466 1593 causis
1487 1556 1544 1593 di-

161 1622 289 1662 cendis
322 1627 360 1662 et
391 1623 606 1673 republica,
642 1623 717 1662 illic
748 1635 771 1661 a
801 1623 1034 1662 celebrandis
1068 1627 1245 1673 poemate
1281 1624 1396 1663 rebus
1427 1625 1545 1673 gestis

159 1691 413 1729 Romanorum
434 1695 584 1739 avocat3
611 1692 673 1729 hic
696 1703 741 1729 ea
761 1692 845 1740 ipsa
866 1703 961 1740 quae
988 1696 1099 1730 canat
1120 1693 1155 1729 ei
1174 1691 1311 1740 tradit,
1342 1693 1420 1730 illic
1443 1693 1545 1740 quod

160 1770 258 1808 quae
284 1759 359 1797 sint
384 1759 526 1797 tradita
558 1771 632 1800 non
662 1762 793 1798 teneat
822 1760 887 1798 sed
918 1759 1040 1798 aliena
1070 1763 1250 1808 sequatur
1283 1759 1543 1809 reprehendit.

159 1827 325 1865 Proximi
344 1832 470 1865 autem
490 1839 624 1866 versus
651 1828 763 1866 huius
792 1828 985 1876 carminis,
1012 1827 1096 1865 dico
1123 1829 1216 1866 135.
1240 1839 1307 1876 ss„
1341 1832 1469 1866 essent
1490 1828 1545 1866 illi

161 1895 310 1942 quidem
332 1895 531 1933 similiores
551 1895 639 1944 illis,
666 1896 698 1933 si
728 1899 854 1934 essent
876 1895 1084 1943 Apollinis:
1112 1899 1151 1933 at
1178 1907 1252 1934 non
1277 1896 1359 1934 eius
1386 1896 1453 1934 sed
1474 1896 1543 1934 ho-

159 1963 310 2011 roscopi
331 1975 413 2002 esse
435 1975 507 2001 non
524 1963 675 2002 difficile
701 1967 759 2001 est
780 1963 985 2001 intellectu.
1022 1963 1118 2002 Nam
1134 1975 1206 2001 non
1227 1962 1337 2001 modo
1358 1963 1462 2002 nullo
1484 1964 1543 2002 di-

159 2030 268 2068 cendi
290 2031 406 2069 verbo
427 2031 672 2080 inducuntur,
694 2042 767 2079 quo
788 2031 862 2069 iam
878 2031 1094 2079 Apollinem
1112 2031 1239 2069 dicere
1254 2031 1458 2080 indicetur,
1477 2032 1544 2070 sed

158 2109 205 2136 ne
228 2100 414 2138 sententia
435 2100 599 2148 quidem,
623 2100 654 2138 si
676 2103 802 2138 essent
823 2099 1021 2148 Apollinis,
1049 2110 1135 2137 cum
1162 2099 1423 2147 superioribus
1449 2099 1544 2138 satis

159 2168 415 2214 concinerent;
439 2168 471 2205 si
493 2168 657 2216 quidem,
681 2173 723 2205 ut
744 2166 852 2205 modo
874 2167 1047 2214 diximuS,
1070 2167 1135 2215 qui
1164 2167 1283 2205 dictat
1303 2168 1349 2205 de
1370 2179 1439 2205 suo
1462 2179 1543 2206 car-

158 2234 271 2277 mine,
299 2247 371 2273 non
393 2234 508 2273 habet
533 2247 601 2273 cur
629 2236 664 2274 id
691 2235 791 2284 quod
821 2234 992 2273 adhiberi
1023 2235 1114 2273 velit
1144 2236 1320 2274 carminis
1340 2247 1459 2285 genus
1480 2245 1543 2274 no-

157 2293 262 2341 mine¹
278 2302 465 2352 appellet:

274 2419 325 2457 At
344 2422 385 2456 tu
407 2417 505 2466 finge
528 2419 696 2467 elegos,
719 2419 831 2457 fallax
853 2430 959 2467 opuS,
981 2419 1075 2458 haec
1096 2423 1162 2457 tua
1183 2423 1322 2457 castra.
1346 2440 1399 2447 —-
