1862 2676
750 99 979 136 ..47-

173 218 240 254 aut
260 212 331 262 111,
356 214 394 262 3,
417 215 553 252 4l.-ss.
570 213 638 268 vNil
658 215 729 254 tibi
744 215 800 254 -sit
820 212 936 253 rauco
953 215 1159 264 *praeconia
1178 213 1335 253 classica
1355 222 1476 251 cornu

162 282 167 287 “
404 280 517 320 Flare
538 293 607 321 nec
630 276 964 332 Aoninm‘ci'ngere
984 282 1111 322 Marte
1131 293 1276 332 nemus,

348 350 427 388 Aut
446 350 584 399 quibus
605 351 641 389 in
662 351 805 400 campis
821 351 996 390 Mariano
1017 351 1161 400 proelia
1181 351 1288 400 signo

405 417 515 457 Stent
535 422 574 456 et
593 418 815 458 Teutonicas
825 419 953 457 'Roma
972 419 1157 467 refringat
1177 430 1285 468 opes:

349 485 542 524 Barbarus
562 490 628 525 ant
637 486 758 525 Suevo
779 485 957 535 perfusus
978 487 1159 536 sanguine
1172 486 1327 525 Rhenus

407 552 543 592 Saucia
563 556 748 594 moerenti
768 565 927 604 corpora
948 559 1078 594 vectet
1098 567 1208 604 aqua.

176 670 249 719 Qui
269 671 421 721 quidem
442 671 548 710 locus
565 672 601 710 ei
622 671 668 710 de
690 683 764 721 quo
789 671 977 721 loquimur
1001 671 1072 711 hoc
1097 676 1158 710 est
1183 671 1342 710 similior
1369 671 1470 720 quod
1490 682 1556 710 ne-

175 751 248 788 que
268 740 316 778 ab
336 741 420 788 ipso
440 741 633 788 pretium
653 739 804 779 fecere
824 752 947 790 neque
967 740 1015 779 ab
1036 741 1118 789 ipso
1148 739 1262 779 flare
1283 739 1343 778 vel
1364 740 1559 788 cingere,

176 807 243 846 sed
264 808 311 847 ab
335 819 379 847 eo
401 808 516 847 verbo
537 808 765 857 declarandi,
793 809 893 858 quod
916 808 1012 847 latet
1036 809 1074 847 in
1099 809 1159 847 his
1183 808 1321 857 verbis,
1348 808 1558 858 interroga-

175 877 229 914 tio
250 882 339 925 apta
368 882 438 915 est.
471 877 524 916 Ut
554 878 653 915 enim
684 880 818 924 poetae
852 876 947 914 flant
975 877 1178 925 praeconia
1207 880 1246 914 et
1267 876 1394 914 Marte
1427 887 1559 915 nemus

176 945 338 984 Aonium
353 945 509 993 cingunt
529 944 695 982 canendo
716 949 755 983 et
777 944 990 993 scribendo,
1007 944 1061 982 ita
1081 944 1260 993 astrologi
1275 944 1380 983 Deos
1395 944 1561 993 pretium

174 1012 300 1051 fecere
329 1012 559 1061 proferendo
595 1016 634 1051 et
663 1013 895 1060 explicando.
928 1012 1086 1059 Contra,
1120 1013 1153 1050 si
1183 1013 1277 1050 haec
1308 1013 1561 1061 interrogatio

177 1082 316 1131 quique
347 1080 573 1120 antecedunt
607 1080 814 1119 accusativi
854 1092 901 1119 ex
931 1081 1073 1119 dicam
1113 1084 1203 1129 apta
1241 1079 1448 1137 faciemus,
1489 1092 1562 1120 non

176 1150 296 1189 solum
341 1161 476 1198 parum
514 1149 695 1187 concinne
731 1149 778 1186 ab
816 1149 947 1187 eodem
988 1149 1103 1186 verbo
1143 1153 1183 1186 et
1216 1149 1366 1187 obiecta
1401 1152 1441 1186 et
1467 1149 1561 1186 obli-

177 1230 251 1268 qua
281 1221 320 1256 et
352 1217 498 1256 directa
524 1217 646 1255 oratio
682 1216 884 1265 pendebit,
922 1228 1052 1255 verum
1084 1217 1197 1256 etiam
1227 1217 1267 1256 id
1298 1217 1401 1256 dicet
1430 1217 1564 1256 horos-

176 1298 304 1334 copus,
337 1286 436 1334 quod
461 1297 582 1332 neque
616 1285 754 1322 attinet
784 1285 856 1322 hoc
887 1285 970 1323 loco
995 1285 1123 1323 dicere
1150 1289 1189 1323 et
1213 1286 1315 1323 idem
1342 1285 1437 1323 dicit
1463 1285 1563 1323 infra

175 1365 249 1392 vss.
285 1354 376 1391 103.
400 1363 452 1390 ss.

349 1460 433 1497 Hoc
453 1470 574 1506 neque
595 1470 794 1496 arenosum
818 1458 963 1507 Libyae
984 1458 1086 1496 Iovis
1107 1459 1271 1507 explicat
1292 1462 1456 1508 antrum,

406 1527 486 1565 Aut
507 1527 580 1565 sibi
602 1527 822 1565 commissos
841 1525 937 1565 fibra
957 1527 1084 1565 locuta
1104 1527 1272 1565 Deos—

252 1596 345 1632 107.
369 1595 601 1642 Aspicienda
622 1595 683 1631 via
704 1598 761 1631 est
778 1594 875 1632 coeli
898 1605 1103 1642 versusque
1124 1606 1195 1642 per
1214 1599 1319 1632 astra

407 1662 576 1711 Trames,
600 1664 639 1700 et
659 1661 706 1701 ab
727 1662 832 1701 zonis
853 1662 1020 1711 quinque
1041 1662 1204 1711 petenda
1223 1651 1330 1702 fides.
1358 1686 1407 1691 —

179 1780 232 1820 Ut
252 1780 352 1817 enim
371 1779 564 1817 mittamus
586 1779 687 1828 quod
707 1779 1007 1818 Lnettiohannes
1027 1778 1186 1829 profert,
1220 1780 1350 1818 stellas
1372 1780 1566 1820 dicturum

179 1849 243 1897 qui
264 1848 508 1897 astrologiam
532 1848 707 1897 explicet,
729 1859 804 1885 non
827 1848 891 1896 qui
921 1859 967 1886 ex
997 1848 1205 1896 astrologia
1226 1851 1353 1886 certas
1374 1860 1435 1887 res
1456 1860 1567 1897 prae-

177 1917 298 1954 dicat:
321 1920 361 1953 at
380 1916 481 1953 unde
506 1927 594 1953 suas
615 1920 765 1964 repetat
781 1915 1067 1953 vaticinationes
1084 1915 1135 1953 ibi
1155 1916 1352 1963 aptissime
1374 1916 1479 1965 dicit,
1501 1916 1568 1955 ubi

175 1984 256 2032 ipso
276 1994 415 2033 genere
442 1987 556 2031 atque
587 1983 729 2032 origine
761 1983 836 2021 arti
867 1993 956 2021 suae
986 1981 1100 2020 fidem
1130 1981 1237 2031 facit,
1269 1994 1343 2021 non
1365 1983 1420 2021 ibi
1441 1984 1507 2022 ubi
1527 1984 1567 2022 id

176 2063 292 2090 unum
314 2051 405 2099 agit,
429 2055 472 2089 ut
493 2062 533 2088 se
557 2051 701 2099 quidem
725 2062 816 2088 vera
837 2050 976 2097 dicere,
1002 2050 1097 2088 alios
1116 2050 1250 2089 fallere
1270 2056 1471 2090 asseveret.
1494 2052 1567 2090 At-

176 2131 249 2168 que
274 2120 358 2168 quis
379 2131 451 2158 non
474 2119 578 2156 videt
601 2131 712 2167 quam
742 2123 829 2167 apte
856 2120 910 2157 ita
940 2119 1061 2157 oratio
1087 2120 1295 2167 procedat?
1327 2119 1430 2157 Vera
1451 2131 1491 2157 se
1512 2120 1567 2158 ait

174 2187 386 2235 vaticinari,
411 2187 498 2234 quia
518 2187 565 2225 ab
592 2187 758 2236 antiquis
785 2187 958 2235 verisque
984 2186 1134 2225 vatibus
1160 2191 1200 2225 et.
1226 2187 1412 2236 originem
1440 2191 1480 2226 et
1504 2199 1565 2226 ar-

149 2260 152 2263 ’
174 2259 252 2293 tem
276 2255 440 2302 duxerit,
463 2267 548 2292 cum
570 2256 637 2293 alii
658 2256 835 2303 aequales
860 2256 1100 2293 mentiantur.
1130 2254 1232 2302 Quae
1259 2256 1361 2293 dicat
1381 2260 1420 2294 et
1441 2255 1564 2294 dictu-

175 2334 243 2361 rus
273 2323 344 2369 sit,
378 2334 423 2360 ea
452 2334 527 2360 non
558 2323 683 2360 minus
715 2334 799 2361 esse
829 2334 921 2361 vera
957 2334 1067 2371 quam
1104 2334 1200 2372 quae
1232 2323 1320 2361 olim
1351 2323 1397 2361 de
1429 2323 1565 2362 Troiae

174 2391 334 2430 interitu
355 2391 552 2439 praedicta
574 2392 652 2429 sint
672 2396 711 2429 et
732 2392 777 2429 de
797 2392 916 2429 omnis
937 2391 1067 2429 mundi
1089 2392 1247 2430 interitu
1268 2391 1458 2430 dicantur.
1482 2391 1567 2430 Hoc

174 2458 338 2507 intelligi
359 2470 406 2497 ex
426 2459 474 2496 iis
497 2469 593 2506 quae
615 2459 708 2497 alias
735 2460 810 2498 iam
832 2470 921 2498 vere
952 2459 1200 2508 praedixerit3
1233 2460 1306 2498 hoc
1336 2459 1499 2508 intelligi
1520 2470 1567 2498 ex
