1862 2676
745 38 972 77 -39-

136 158 141 162 “
172 155 341 202 tumdem
359 154 442 195 fere
462 154 508 194 de
529 165 597 194 sua
616 154 740 203 patria
760 152 907 206 duobus
926 153 1019 192 locis
1039 141 1159 191 tradit
1174 150 1348 199 Ovidius,
1371 149 1436 199 qui
1456 154 1557 198 post-

155 234 283 276 ,quam
304 223 463 271 AmsII,
490 226 526 271 1,
553 224 588 260 1.
1233 220 1236 221 ’

285 341 368 387 Hoc
390 358 549 397 quoque,
570 347 706 396 inquit,
727 345 920 393 composui
939 344 1106 400 Pelignis
1128 347 1239 383 natus
1261 344 1413 392 aquosis
1426 364 1483 370 ——
1541 327 1543 329 ¹

174 476 257 514 Am.
280 473 349 523 111,
377 475 441 522 15,
462 473 514 512 in.
537 472 630 511 haec
651 470 778 510 addit:

292 602 328 638 2.
352 598 455 647 Quos
477 609 546 647 ego
569 596 778 646 composui,
796 595 945 644 Peligni
966 595 1065 633 ruris
1086 595 1326 633 alumnus—-

293 689 329 726 5.
353 686 392 724 Si
414 685 505 734 quid
523 685 563 723 id
584 687 654 732 est,
676 694 795 732 usque
816 694 838 721 a
857 682 1009 730 proavis
1030 685 1140 720 vetus
1162 682 1303 720 ordinis
1324 681 1450 728 heres,

406 753 490 792 Non
511 752 623 791 modo
643 751 804 790 militiae
823 750 974 788 turbine
995 749 1120 788 factus
1141 760 1268 798 eques.

293 844 331 881 8.
353 841 534 889 Pelignae
555 840 662 878 dicar
682 838 804 888 gloria
822 838 948 887 >gentis
969 849 1051 887 ego.

267 932 330 967 11.
355 929 481 974 Atque
502 926 638 974 aliquis
659 928 834 974 spectans
854 925 993 974 hospes
1015 925 1204 964 Sulmonis
1224 924 1358 973 aquosi

407 993 573 1042 Moenia,
596 993 660 1041 qui
680 993 802 1041 campi
823 993 956 1040 iugera
976 1003 1092 1040 parva
1113 997 1257 1039 tenent,

350 1062 455 1110 Quae
475 1066 635 1111 tantum,
658 1061 772 1111 dicet,
793 1063 971 1111 potuistis
991 1061 1094 1100 ferre
1114 1067 1275 1110 poetam,

410 1129 750 1178 Quantulacunque
771 1129 876 1175 estis,
898 1140 965 1167 vos
987 1140 1059 1177 ego
1080 1140 1214 1177 magna
1233 1139 1337 1167 voco.

179 1267 259 1305 Aut
278 1266 395 1315 igitur
414 1265 568 1313 utrique
588 1268 655 1302 aut
673 1265 801 1302 neutri
821 1264 1010 1313 posterius
1031 1276 1184 1302 carmen
1201 1263 1459 1313 derogandum
1476 1264 1560 1302 erit.

182 1334 304 1373 Venio
330 1333 378 1372 ad
403 1332 553 1372 tertiam
579 1331 829 1371 Heimreichii
855 1332 1056 1380 rationem,
1082 1344 1155 1381 qua
1183 1332 1352 1381 spurium
1377 1332 1449 1370 hoc
1480 1343 1564 1370 esse

181 1411 335 1439 carmen
355 1400 402 1438 iis
423 1411 519 1449 quae
540 1400 587 1438 de
607 1399 728 1447 patris
755 1404 877 1438 morte
903 1400 1104 1438 immatura
1131 1399 1307 1438 dicantur
1327 1400 1455 1438 studet
1474 1412 1562 1449 pro-

181 1469 286 1517 bare,
319 1468 458 1517 quippe
489 1467 628 1516 quibus
659 1467 752 1506 illud
781 1469 879 1506 male
909 1468 1130 1517 explicetur,
1164 1467 1263 1516 quod
1293 1468 1324 1517 Ι,
1359 1470 1425 1520 22,
1454 1471 1490 1507 7.
1518 1469 1564 1507 de

180 1537 362 1585 proiectis
382 1536 564 1575 membris
580 1536 783 1585 propinqui
802 1540 998 1575 narratum
1020 1537 1082 1575 sit.
1106 1535 1210 1584 Quae
1228 1537 1259 1575 si
1277 1541 1337 1575 est
1352 1536 1563 1586 explicatio,

161 1610 252 1641 'cur
271 1603 371 1642 mala
391 1607 430 1641 et
461 1613 557 1650 quae
582 1603 867 1651 interpolatoris
897 1605 1016 1652 possit
1045 1615 1140 1652 esse,
1172 1605 1291 1652 ipsius
1321 1608 1459 1653 poetae
1492 1615 1565 1642 non

181 1670 298 1709 item?
319 1671 379 1709 An
400 1671 499 1719 quod
522 1671 587 1720 qui
606 1682 680 1709 uno
703 1671 785 1710 loco
811 1672 933 1709 minus
957 1671 1111 1719 proprie
1136 1672 1371 1720 propinquus
1396 1672 1565 1720 appella-s

183 1741 245 1776 tus
266 1741 335 1786 est,
357 1738 420 1776 hic
440 1739 598 1787 proprio
619 1739 739 1787 patris
759 1740 909 1777 nomine
930 1738 1168 1788 appellatur?
1189 1739 1242 1777 At
1263 1739 1318 1777 sic
1339 1739 1423 1787 ipse
1440 1750 1568 1777 secum

184 1808 328 1855 pugnet
363 1805 666 1856 Heimreichius,
700 1807 766 1856 qui
786 1818 900 1857 supra
930 1817 1040 1855 quem
1076 1807 1326 1845 tractavimus
1357 1806 1479 1859 locum
1510 1806 1568 1845 id-

186 1874 287 1912 circo
308 1874 347 1912 in
368 1874 524 1913 dubium
544 1878 666 1923 vocat,
699 1875 796 1924 quod
827 1874 917 1912 nihil
938 1874 1024 1912 novi
1050 1873 1211 1917 adferat,
1238 1874 1337 1913 hunc
1359 1874 1458 1923 quod
1479 1874 1568 1914 affe·

186 1945 246 1980 rat
266 1942 422 1990 aliquid.
446 1942 523 1982 Sed
543 1943 737 1982 mittamus
748 1943 866 1990 ‚haecz
894 1954 967 1981 non
993 1942 1093 1980 enim
1113 1942 1269 1980 dubium
1291 1942 1455 1991 videtur,
1479 1944 1569 1992 quin

187 2008 227 2047 hi
248 2009 321 2048 duo
343 2010 418 2048 loci
439 2010 487 2048 ad
508 2010 676 2049 diversos
697 2010 868 2049 homines
885 2009 1074 2049 referendi
1091 2011 1180 2048 sint.
1198 2010 1294 2048 Nam
1312 2010 1422 2058 quil,
1443 2013 1510 2058 22,
1529 2013 1568 2049 7.

185 2076 257 2116 hoc
279 2077 451 2116 dixerat:

303 2202 359 2240 Tu
381 2204 586 2252 proiecta
606 2204 679 2243 mei
700 2215 882 2253 perpessa
902 2215 943 2242 es
964 2203 1132 2242 membra
1153 2204 1367 2254 propinqui,

361 2271 418 2309 Tu
439 2272 561 2310 nullo
582 2272 711 2310 miseri
733 2272 900 2321 contegis
920 2283 1022 2310 ossa
1043 2272 1137 2310 solo
1158 2294 1208 2300 —
1349 2260 1351 2263 ’

190 2396 224 2433 is
244 2408 317 2435 non
337 2402 487 2445 poterat
508 2398 554 2436 de
578 2399 709 2437 eodem
730 2399 801 2438 hoc
821 2399 946 2437 dicere
968 2399 1037 2447 IV,
1067 2403 1100 2447 1,
1128 2402 1220 2437 127.
