1862 2676
946 71 1177 106 -64-.„

359 184 531 224 adfertur
555 185 668 243 ratio,
697 196 743 223 ex
770 196 846 233 qua
870 185 995 224 lenam
1026 190 1238 233 magnetem
1260 189 1304 224 et
1328 197 1416 225 aves
1448 186 1562 224 etiam
1583 196 1652 224 sua
1673 189 1756 224 arte

360 256 508 291 mutare
529 263 639 301 posse
661 252 925 302 perspiciatur.
960 252 1084 293 Unum
1115 252 1216 304 enim
1242 253 1309 302 qui
1330 257 1456 304 potest
1477 252 1640 303 efficere,
1663 238 1758 292 alte-

362 333 445 359 ium
469 321 581 360 etiam
606 326 644 360 et
666 321 788 360 simile
816 321 969 360 efficere
1000 333 1111 371 posse
1133 322 1332 371 probabile
1355 326 1436 370 est3
1470 334 1581 371 quam
1603 322 1759 361 eandem

360 389 584 438 Propertius
605 390 861 429 coniecturam
885 391 916 439 Ι,
944 394 980 438 1,
1005 392 1070 429 21.
1096 401 1145 429 ss.
1169 390 1338 439 adhibet,
1371 391 1437 430 ubi
1458 391 1579 440 magis
1600 389 1759 439 pollice-

359 462 436 506 tur,
460 459 492 497 si
514 458 717 508 Cynthiam
746 459 819 498 sibi
846 460 1099 507 conciliarint,
1133 471 1174 497 se
1197 459 1312 497 etiam
1343 460 1469 499 sidera
1497 463 1536 498 et
1561 471 1689 498 amnes
1711 459 1757 498 ab

359 527 406 563 iis
429 526 516 564 duci
540 527 800 565 crediturum:

534 644 593 682 En
614 644 774 693 agedum
797 644 969 682 dominae
990 649 1154 682 mentem
1177 644 1388 686 convertite
1410 648 1563 683 nostrae

592 712 645 750 Et
665 711 777 751 facite
799 713 863 750 illa
882 724 967 750 meo
990 712 1129 761 palleat
1152 724 1218 750 ore
1241 713 1372 761 magis.

535 780 640 818 Tunc
663 792 732 829 ego
753 781 976 819 crediderim
999 781 1105 819 vobis
1127 784 1165 819 ct
1187 780 1314 820 sidera
1335 785 1374 819 et
1395 793 1524 820 amnes

594 849 710 888 Posse
734 849 917 899 Cytaines
939 849 1080 888 ducere
1103 850 1346 888 carminibus.

446 975 607 1014 Prorsus
629 977 808 1014 similiter
828 980 953 1014 autem
978 977 1140 1026 quippe
1163 976 1303 1015 dicitur
1325 977 1355 1025 I,
1377 979 1414 1024 9,
1441 978 1507 1016 26.
1528 969 1579 1015 ss.

590 1093 727 1131 Acrius
748 1092 813 1130 illa
834 1093 950 1137 subit,
972 1093 1143 1139 Pontice,
1166 1094 1199 1130 si
1220 1105 1294 1141 qua
1315 1098 1380 1131 tua
1401 1097 1477 1140 est;

534 1160 703 1209 Quippe
726 1161 790 1199 ubi
812 1173 885 1198 non
907 1161 1022 1198 liceat
1042 1173 1181 1199 vacuos
1202 1162 1385 1199 seducere
1407 1162 1559 1208 ocellos,

591 1228 670 1266 Nec
691 1229 850 1276 vigilare
871 1228 944 1265 alio
967 1229 1126 1276 nomine,
1151 1228 1263 1266 cedat
1283 1229 1425 1266 Amor?
1450 1250 1500 1256 —

357 1353 422 1392 ubi
458 1353 632 1392 adfertur
662 1354 782 1403 ratio,
832 1365 899 1392 cur
931 1365 1028 1402 quae
1069 1359 1170 1392 amet
1212 1355 1295 1403 ipsa
1331 1355 1458 1393 acrius
1499 1360 1668 1403 ametur3
1717 1360 1757 1393 et

355 1422 405 1469 ΙΙ,
430 1424 469 1470 4,
495 1423 517 1459 7
555 1434 593 1459 ss
1701 1432 1702 1435 ’

532 1539 616 1576 Non
638 1539 700 1576 hic
721 1538 840 1576 herba
862 1539 974 1585 valet,
998 1550 1067 1576 non
1090 1539 1152 1576 hic
1175 1543 1356 1576 nocturna
1379 1539 1545 1586 Cytaeis,

591 1606 674 1643 Non
698 1606 944 1644 Perimedeae
966 1608 1136 1654 gramina
1159 1610 1269 1644 cocta
1290 1617 1435 1644 manus.

531 1673 678 1721 Quippe
698 1674 760 1711 ubi
785 1685 854 1711 nec
877 1686 1010 1712 causas
1032 1686 1100 1711 nec
1121 1679 1274 1721 apertos
1296 1675 1488 1712 cernimus
1509 1675 1621 1722 ictus,

589 1741 699 1779 Unde
722 1746 845 1778 tamen
871 1742 1021 1780 veniant
1041 1745 1100 1779 tot
1121 1742 1218 1779 mala
1240 1753 1352 1779 caeca
1373 1742 1432 1780 via
1453 1745 1523 1780 est.
1543 1763 1599 1768 ——

356 1868 421 1906 ubi
445 1868 585 1905 amoris
608 1879 692 1905 esse
714 1868 924 1906 remedium
955 1868 1097 1906 idcirco
1130 1873 1302 1917 negatur,
1335 1869 1436 1917 quod
1466 1869 1565 1907 unde
1595 1872 1634 1907 et
1661 1880 1754 1918 quo-

354 1936 465 1974 modo
489 1936 638 1974 oriatur
659 1936 862 1974 obscurum
885 1938 951 1983 sit3
975 1941 1013 1974 et
1034 1937 1103 1983 III,
1129 1939 1166 1984 3,
1194 1939 1260 1974 47.

531 2050 680 2100 Quippe
702 2057 902 2091 coronatos
924 2053 1089 2092 alienum
1109 2054 1157 2091 ad
1179 2054 1292 2091 limen
1313 2057 1481 2092 amantes

588 2120 881 2170 Nocturnaeque
903 2134 1014 2160 canes
1037 2122 1145 2160 ebria
1165 2122 1274 2169 signa
1293 2121 1420 2171 fugae3
1445 2144 1498 2150 —-

354 2235 491 2285 quibus
517 2238 691 2276 versibus
719 2238 892 2286 docetur,
920 2251 989 2277 cur
1008 2239 1269 2288 Propertium,
1303 2239 1340 2278 id
1368 2239 1466 2288 quod
1492 2243 1579 2278 ante
1606 2239 1750 2278 dictum

353 2311 425 2352 est,
453 2305 527 2343 alia
554 2311 590 2344 et
616 2309 791 2356 graviora
821 2314 1035 2355 poematum
1068 2313 1290 2357 argumenta
1319 2309 1534 2357 relinquere
1562 2313 1748 2358 oporteat.

355 2372 442 2412 Sive
465 2374 584 2422 igitur
607 2378 789 2414 rationem
819 2377 875 2414 vel
905 2379 1267 2425 argumentationem
1292 2378 1545 2416 uberiorem
1572 2378 1748 2426 exposi-

350 2443 518 2481 tionem
541 2444 646 2487 dicit,
670 2457 713 2483 ea
730 2447 791 2484 liic
809 2458 959 2495 quoquc
982 2447 1303 2494 deprehenditur:
1327 2448 1405 2486 sive
1427 2447 1541 2495 aliud,
1564 2446 1639 2484 vim
1660 2456 1748 2495 par-
