1862 2676
922 89 1149 126 --54-

448 207 550 246 Talis
572 207 611 245 in
631 209 787 246 aeterno
808 205 899 245 felix
919 205 1155 245 Vertumnus
1176 205 1339 256 Olympo

504 275 614 314 Mille
635 276 753 314 habet
774 277 946 324 ornatus,
969 274 1072 313 mille
1095 271 1276 313 decenter
1294 273 1429 314 habet:

330 396 369 431 et
390 393 558 431 oleribus
581 405 622 432 se
645 397 685 431 et
705 391 863 431 floribus
890 392 1065 431 omnibus
1092 392 1147 430 ita
1172 393 1301 430 ornari
1329 397 1371 430 ut
1395 391 1560 430 decorus
1588 391 1650 429 sit.
1675 392 1733 430 De

329 462 547 508 praeceptis
573 461 663 499 anni
688 460 877 498 fructibus
909 471 980 497 non
1006 459 1101 507 dici,
1135 463 1177 497 ut
1206 470 1260 497 vs.
1299 461 1364 498 ll.
1392 470 1458 508 ss„
1491 459 1662 497 videmus
1687 470 1734 497 ex

330 528 477 567 verbist
503 529 593 577 quin
613 529 677 567 ille
699 529 884 567 decenter
906 531 1012 573 cett„
1030 531 1069 565 et
1090 539 1138 566 ex
1159 528 1361 576 probata,
1377 528 1478 576 quod
1494 539 1733 578 nequaquam

330 607 415 634 cum
433 597 711 635 Luettiohanne
732 596 771 633 in
792 596 942 634 locata
964 595 1273 644 convertendum,
1292 596 1358 634 sed
1379 607 1449 645 pro
1462 600 1598 635 natura
1612 597 1733 635 totius

329 665 403 704 loci
425 666 479 703 sic
501 665 760 713 accipiendum
783 669 854 712 est,
878 668 922 702 ut
942 665 1138 702 hortorum
1159 665 1255 703 dona
1275 665 1313 702 in
1336 665 1539 703 Vertumni
1558 665 1733 703 manibus

329 733 511 781 placere
533 733 722 771 dicantur.
757 732 851 771 Cum
872 736 1001 771 autem
1024 731 1260 771 Vertumnus
1286 732 1395 771 dicit:
1429 733 1480 771 de
1512 744 1594 782 quo
1626 732 1733 771 mihi

329 802 518 840 maxima
539 801 655 840 fama
676 807 761 849 est,
785 802 975 840 rationem
998 801 1126 840 reddit
1152 802 1427 850 occupationis.
1457 801 1613 840 Olerum
1634 802 1732 839 enim

331 874 370 908 et
395 869 531 909 florum
559 874 716 909 ornatus
747 870 832 909 ideo
867 871 1047 908 omittere
1079 874 1218 919 potest,
1247 869 1347 920 quod
1380 869 1455 909 illis
1487 881 1572 909 eum
1602 869 1733 909 ornari

331 940 572 977 notissimum
595 944 672 985 est3
706 944 862 977 ornatur
891 945 1019 977 autem
1041 940 1089 977 iis
1111 940 1159 977 ob
1187 939 1225 977 id
1247 940 1388 989 ipsum,
1416 940 1515 987 quod
1536 943 1579 976 ut
1597 939 1659 976 hic
1679 940 1735 976 ait

331 1017 386 1044 vs.
415 1009 493 1055 11.,
518 1007 704 1045 vertentis
725 1007 812 1045 anni
834 1005 1002 1045 fructum
1025 1007 1216 1055 praecipit
1234 1006 1293 1045 vel
1309 1006 1410 1056 quod
1425 1006 1626 1045 hortorum
1642 1007 1735 1046 deus

331 1080 402 1123 est,
436 1079 479 1113 ut
508 1076 590 1123 ipse
624 1087 665 1113 se
696 1075 799 1124 apud
827 1075 1006 1114 Ovidium
1037 1075 1194 1113 Metam.
1228 1075 1333 1124 XIV⁷
1371 1069 1466 1113 687.
1490 1087 1519 1114 s.
1545 1075 1735 1114 Pomonae

332 1143 534 1182 describit:

422 1260 546 1307 Quid?
568 1260 670 1308 quod
691 1261 826 1298 amatis
847 1259 974 1305 idem?
995 1260 1094 1309 quod
1116 1271 1214 1308 quae
1235 1259 1307 1298 tibi
1328 1271 1440 1308 poma
1460 1260 1638 1298 coluntur

478 1328 632 1366 Primns
654 1328 772 1367 habet
791 1328 968 1376 laetaque
990 1332 1096 1367 tenet
1115 1332 1182 1366 tua
1205 1339 1361 1367 munera
1381 1328 1540 1367 dextra?
1566 1350 1617 1356 —-

421 1455 465 1493 In
496 1454 636 1492 tertia
667 1454 790 1506 elegia
821 1454 1105 1492 Heimreichius
1135 1453 1306 1503 (Quaest,
1334 1454 1525 1504 Propert.)
1557 1466 1735 1493 versuum

334 1525 373 1561 7.
397 1546 453 1550 —
480 1525 544 1561 11.
566 1525 696 1572 partes
717 1521 932 1571 inferiores,
961 1534 1054 1572 quos
1081 1522 1143 1561 hic
1170 1522 1277 1561 uncis
1303 1523 1536 1572 inclusimus,
1564 1523 1735 1573 interpo-

331 1593 432 1631 latos
455 1591 646 1630 declarat:

450 1720 502 1757 Te
524 1719 636 1757 modo
657 1718 835 1757 viderunt
855 1719 1016 1757 iteratos
1036 1718 1193 1768 (Bactra
1215 1730 1284 1768 per
1304 1720 1427 1767 ortus)

507 1787 560 1825 Te
581 1786 692 1825 modo
714 1787 859 1825 munito
880 1786 1073 1825 Neuricus
1093 1787 1229 1836 (hostis
1250 1787 1361 1836 equo)

452 1854 687 1904 Hibernique
710 1853 830 1893 Getae
851 1854 1031 1904 pictoque
1052 1854 1265 1905 (Britannia
1286 1855 1419 1905 curru)

509 1923 627 1963 Ustus
649 1927 689 1962 et
710 1923 793 1962 an
813 1923 979 1962 discolor
999 1923 1117 1963 Indus
1140 1923 1278 1974 (aqua).

334 2050 430 2089 Nam
454 2050 570 2089 verba
587 2072 644 2079 -—
663 2050 831 2090 Bactra
850 2061 930 2099 per
952 2054 1079 2089 ortus
1103 2072 1155 2079 —
1174 2061 1297 2099 neque
1318 2051 1356 2089 in
1379 2051 1630 2100 Neapolitano
1652 2062 1737 2090 esse

334 2119 464 2157 codice
497 2130 619 2167 neque
661 2118 776 2157 ullam
818 2119 961 2157 habere
997 2119 1308 2167 explicationem
1347 2119 1628 2158 Britanniam
1664 2131 1736 2158 non

334 2197 446 2235 posse
468 2188 670 2225 memorari
691 2198 775 2225 cum
797 2187 967 2236 Lycotas
988 2187 1027 2224 in
1048 2187 1207 2224 orientis
1228 2188 1343 2225 terris
1365 2186 1493 2231 fuerit,
1517 2198 1629 2236 aqua
1649 2187 1739 2226 an

335 2265 410 2292 non
436 2255 494 2292 uri
517 2254 646 2303 Indos,
670 2255 734 2304 qui
761 2258 961 2304 praeterea
988 2266 1121 2304 parum
1148 2259 1332 2304 appareat
1353 2267 1428 2305 qua
1448 2256 1485 2294 vi
1507 2257 1582 2294 usti
1604 2255 1737 2295 iidem-

335 2334 408 2372 que
432 2322 639 2361 discolores
661 2326 856 2362 vocentur.
885 2323 959 2361 Sed
980 2327 1061 2361 tres
1077 2324 1319 2371 ‘posteriores
1347 2336 1476 2363 versus
1498 2324 1591 2363 satis
1612 2323 1739 2362 defen-

334 2392 391 2429 dit
411 2391 711 2429 Luettiohannes
732 2393 783 2440 (p.
809 2392 878 2438 4.)‚
901 2392 966 2439 qui
988 2392 1124 2429 merito
1150 2392 1326 2430 admonet
1347 2404 1496 2442 semper
1516 2393 1554 2430 in
1580 2392 1738 2431 orientis

334 2460 557 2508 regionibus
579 2459 763 2497 militasse
787 2458 974 2507 Lycotam
1002 2471 1184 2508 nusquam
1214 2460 1303 2510 dici,
1331 2465 1369 2499 et
1389 2472 1472 2509 aqu
1483 2472 1503 2498 a
1525 2460 1617 2498 an
1638 2459 1737 2499 loca-
