1862 2676
753 95 982 133 -105—

170 208 476 257 Descriptionem
500 208 583 248 eius
603 219 751 259 pugnae
777 221 853 259 qua
876 209 1024 259 torquis
1044 209 1275 249 Virdomaro
1300 209 1435 259 erepta
1463 215 1562 251 esset

173 276 359 316 excidisse
379 279 502 326 putat,
525 277 614 325 quia
634 289 750 328 supra
769 289 837 317 eae
858 288 1019 327 pugnae,
1047 289 1094 317 ex
1123 277 1261 328 quibus
1287 278 1412 327 spolia
1438 278 1563 328 opima

172 344 295 383 relata
315 348 455 393 essent,
478 345 650 393 pluribus
675 346 751 384 sint
775 349 968 394 narratae,
992 346 1056 384 hic
1081 357 1129 384 ne
1156 346 1240 394 quis
1267 346 1420 395 quidem
1439 347 1562 395 spolia

170 412 273 452 hosti
299 412 482 461 eripuerit
506 417 637 462 aperte
658 413 886 452 declaretur.
917 415 972 452 At
992 424 1076 452 cum
1098 413 1217 452 omnis
1233 414 1349 452 resin
1369 425 1414 453 eo
1435 418 1561 454 verta-

170 485 248 531 tur,
280 481 365 530 quis
396 492 442 521 ea
466 481 584 531 spolia
608 486 646 521 et
671 493 695 520 a
720 481 796 531 quo
826 482 1019 531 retulerit,
1050 493 1263 531 pugnarum
1289 482 1561 532 descriptiones

169 560 238 587 nec
261 549 294 587 si
313 548 507 587 adduntur
528 548 721 588 offendunt
741 560 809 587 nec
830 550 863 588 si
884 549 1022 588 absunt
1041 550 1307 598 requiruntur;
1334 552 1560 599 praesertim

170 629 256 657 cum
278 621 316 657 et
342 617 484 657 variari
508 619 565 657 rei
588 619 858 657 tractationem
884 619 1083 657 conveniat
1108 622 1147 657 et
1171 618 1339 658 brevitas
1362 619 1415 658 ibi
1441 620 1561 669 aptis-—

170 687 265 724 sima
285 686 459 725 videatur
478 686 543 725 ubi
564 686 613 724 ad
637 684 748 724 finem
769 685 923 724 festinat
950 687 1082 725 oratio.
1115 686 1209 734 Quis
1235 690 1363 726 autem
1383 690 1559 737 torquem

169 754 276 795 Gallo
298 754 482 804 eripuerit
502 755 594 794 satis
616 753 851 804 significatur
870 766 985 794 versu
1008 756 1073 794 39.

344 861 523 901 Claudius
543 861 752 901 Eridanum
771 862 954 900 traiectos
974 862 1098 900 arcuit
1118 862 1261 901 hostes.

166 980 328 1018 Romani
345 980 455 1024 enim,
474 971 612 1027 quibus
627 979 721 1017 haec
737 979 858 1027 elegia
873 979 1016 1027 scripta
1033 982 1104 1026 est,
1123 979 1186 1015 vix
1202 978 1423 1016 nesciebant
1439 979 1561 1027 spolia

168 1048 292 1097 opima
312 1059 334 1086 a
356 1047 450 1086 duce
472 1046 559 1085 duci
581 1058 666 1085 esse
689 1049 832 1095 erepta.

253 1134 415 1183 Reliqua
446 1136 505 1171 est
535 1133 680 1182 Regina
709 1133 940 1182 Elegiarum.
985 1131 1103 1171 Cuius
1139 1132 1440 1172 Luettiohannes
1471 1137 1558 1173 ante

165 1214 221 1241 vs.
248 1204 314 1241 61.

339 1300 397 1347 Et
418 1312 560 1347 tamen
583 1308 725 1346 emerui
745 1319 948 1356 generosos
969 1307 1086 1345 vestis
1112 1307 1275 1346 honores
1297 1330 1354 1336 —

165 1425 348 1465 transfert
360 1436 433 1464 vss.
450 1427 516 1464 65.
531 1437 560 1463 s.
579 1424 756 1463 Vidimus
775 1429 814 1462 et
829 1423 987 1463 fratrem
998 1424 1128 1462 sellam
1143 1424 1356 1472 geminasse
1371 1425 1553 1475 curulem,

396 1492 559 1531 Consule
581 1504 656 1541 quo
678 1492 777 1531 facto
799 1497 969 1541 tempore
990 1497 1102 1540 rapta
1122 1503 1241 1530 soror.
1264 1514 1320 1519 —

165 1612 252 1660 quia
271 1622 394 1659 neque
416 1610 511 1648 illud
531 1610 590 1648 Et
611 1614 756 1648 tamen
778 1609 1070 1657 explicationem
1091 1609 1243 1657 habeat,
1272 1610 1304 1647 si
1330 1610 1554 1648 antecedant

165 1690 238 1717 vss.
265 1681 330 1717 59.
354 1690 383 1716 s.

338 1784 406 1823 Ille
427 1796 495 1823 sua
516 1787 606 1822 nata
628 1784 778 1832 dignam
801 1784 941 1822 vixisse
965 1793 1129 1822 sororem

397 1853 574 1901 Increpat
595 1854 633 1890 et
652 1852 830 1890 lacrimas
853 1851 1014 1889 vidimus
1035 1852 1091 1889 ire
1114 1851 1196 1889 Deo
1212 1872 1278 1899 —,

163 1974 200 2008 et
226 1969 400 2008 versibus
430 1971 495 2008 65.
525 1973 563 2008 et
590 1971 656 2008 66.
684 1969 936 2018 perturbetur
960 1969 1168 2007 liberorum
1195 1969 1429 2007 enumeratio
1457 1980 1552 2018 quae

163 2038 271 2076 sitin
292 2049 369 2076 vss.
396 2040 461 2076 63.
489 2039 554 2077 64.
580 2039 646 2076 67.
672 2039 738 2076 68.

267 2157 332 2194 63.
367 2156 424 2194 Tu
445 2155 591 2204 Lepide
613 2159 650 2193 et
671 2159 712 2193 tu
732 2155 866 2193 Paulle
887 2166 1014 2193 meum
1034 2157 1123 2202 post
1143 2153 1221 2192 sata
1242 2154 1425 2202 levamen,

368 2223 532 2262 Condit-a
553 2227 640 2263 sunt
661 2227 787 2263 vestro
808 2223 949 2262 lumina
969 2226 1097 2262 nostra
1118 2222 1214 2261 sinu.
1242 2245 1289 2250 —

163 2355 304 2392 sentiunt,
321 2358 352 2384 et
368 2364 423 2393 ego
439 2355 512 2385 mihi
527 2356 672 2393 persuasi.
695 2355 754 2385 Sed
769 2364 836 2385 cum
852 2364 952 2385 earum
969 2364 1044 2392 quae
1061 2355 1158 2385 adhuc
1174 2355 1313 2392 prolatae
1329 2358 1398 2384 sunt
1412 2351 1550 2382 emenda-

162 2405 276 2435 tionum
291 2404 379 2434 nulla
394 2404 467 2434 satis
482 2404 619 2441 placeret
636 2404 773 2435 codicum
789 2405 933 2435 malebam
948 2404 1050 2441 verba,
1072 2413 1159 2441 quam
1180 2404 1380 2434 recentiorum
1400 2401 1550 2431 coniectu-

163 2462 214 2483 ras
229 2462 408 2491 proponere.
