1862 2676
754 68 983 106 -89-

167 181 203 221 ei
223 182 384 221 salutem
407 194 520 232 quam
541 184 652 232 petit,
674 195 750 223 non
770 183 862 222 deas
884 167 979 232 quas
1001 183 1185 231 implorat
1201 182 1381 231 cuiquam
1397 181 1571 230 opponit3

167 250 328 298 denique
349 250 381 299 I,
406 251 445 299 5,
469 252 506 290 9.
530 262 580 289 s.:

285 356 392 405 Quae
414 357 446 395 si
466 356 566 396 forte
587 358 664 396 tuis
685 368 759 396 nou
780 361 840 395 est
861 356 1058 395 contraria
1078 357 1197 394 votis:

344 425 396 464 At
416 425 489 464 tibi
511 437 688 465 curarum
710 425 830 464 millia
851 428 992 474 quanta
1013 424 1136 464 dabit!
1162 446 1214 453 —

139 531 142 533 ’
166 543 254 570 nam
286 532 511 581 obsequium
542 533 710 572 eiusdem
736 535 795 571 est
817 532 1003 581 Cynthiae
1025 543 1122 581 quae
1144 543 1322 571 curarum
1343 535 1476 570 auctor
1499 536 1571 570 est.

169 619 221 627 —
246 599 329 637 Hoc
349 600 395 638 de
416 611 488 638 usu
509 604 552 639 at
574 599 785 649 particulae
806 590 1029 638 Dietschius
1060 600 1108 638 ad
1131 599 1286 638 Sallust.
1309 600 1393 648 Iug.
1419 602 1484 638 26.
1518 601 1572 649 (in

168 665 337 705 editione
357 657 445 705 ann'i
471 668 596 717 1845)
618 667 803 716 disputat,
836 667 900 716 qui
923 667 1072 716 quidem
1096 670 1136 706 et
1156 667 1321 705 solemne
1342 678 1425 705 esse
1447 667 1571 716 docet,

167 736 211 770 ut
241 731 360 781 ipsam
390 735 619 783 particulam
650 736 779 773 statim
810 746 947 773 nomen
977 735 1176 783 proprium
1201 735 1261 773 vel
1287 735 1362 772 alia
1386 746 1572 782 personae

168 800 413 850 significatio,
447 803 622 852 inprimis
654 813 858 852 pronomen
886 802 1069 851 excipiat,
1103 806 1142 841 et
1165 802 1444 851 oppositionem
1466 801 1574 840 addit

167 869 269 907 haud
290 881 381 909 raro
403 871 460 909 rei
482 882 578 920 esse,
601 883 676 909 non
697 882 892 919 personae.
915 870 990 908 Sed
1012 871 1060 908 ad
1080 870 1177 908 hanc
1199 870 1487 908 similitudinem
1509 871 1571 908 hic

166 947 317 986 quoque
349 938 492 977 dictum
523 941 598 984 est,
632 948 756 986 neque
788 941 848 976 est
873 937 1130 986 quaerendum
1153 937 1216 976 cui
1236 937 1321 986 ipsa
1342 948 1383 975 se
1405 941 1573 986 opponat

167 1004 349 1054 Cynthia,
382 1006 449 1045 sed
481 1017 593 1054 quam
624 1017 706 1045 rem
738 1006 801 1045 cui
833 1007 888 1044 rei
920 1009 1098 1055 opponat.
1140 1005 1237 1044 Cum
1268 1008 1397 1045 autem
1424 1005 1471 1044 ab
1499 1006 1570 1044 hoc

165 1083 280 1110 versu
301 1083 490 1121 exponere
510 1073 679 1121 incipiat,
709 1077 888 1121 quantam
909 1076 1061 1110 mortua
1082 1074 1121 1110 in
1141 1073 1435 1111 contemtionem
1457 1084 1571 1110 vene-

164 1141 234 1188 rit,
268 1152 385 1189 supra
407 1152 503 1189 quae
524 1141 610 1178 viva
629 1140 832 1188 Propertio
853 1143 965 1188 grata
985 1139 1122 1179 fecerit
1144 1145 1360 1179 recenseat:
1394 1141 1479 1189 quis
1501 1140 1571 1178 du-

167 1207 262 1245 bitet
294 1208 385 1255 quin
416 1212 461 1245 at
486 1207 676 1256 particula
707 1207 799 1244 haec
829 1208 912 1254 ipsa
937 1207 1037 1244 ratio
1058 1207 1302 1244 declaretur?
1323 1228 1381 1234 —
1402 1208 1456 1244 At
1478 1218 1573 1255 quae

167 1275 337 1323 proxime
364 1274 612 1323 antecedunt,
645 1275 693 1313 iis
724 1275 798 1312 iam
825 1286 901 1312 non
921 1274 968 1312 de
991 1274 1165 1322 pristinis
1186 1272 1382 1312 beneficiis
1402 1274 1574 1322 loquitur

170 1342 236 1380 sed
259 1343 304 1380 de
326 1341 479 1380 foedere
499 1342 640 1379 violato
664 1341 855 1389 queritur;
877 1342 973 1379 haec
996 1341 1094 1379 enim
1116 1342 1174 1379 vis
1196 1346 1253 1379 est
1273 1341 1441 1379 illorum:

284 1448 470 1487 Foederis
491 1448 568 1486 heu
589 1449 713 1486 taciti!
749 1448 868 1486 Cuius
889 1446 1038 1485 fallacia
1060 1448 1178 1485 verba

281 1533 287 1539 ·
315 1549 319 1553 .
342 1515 427 1571 Non
451 1515 619 1554 audituri
642 1516 833 1564 diripuere
855 1514 1028 1553 Noti.—

166 1634 310 1680 Audi03
334 1632 401 1671 sed
424 1633 613 1681 oppositio
636 1644 709 1671 non
731 1644 882 1681 semper
903 1632 949 1670 ad
972 1633 1141 1681 proxime
1159 1643 1332 1681 quaeque
1343 1633 1570 1671 anteceden-

165 1703 240 1749 tia,
274 1701 342 1740 sed
373 1701 476 1743 haud
507 1712 596 1740 raro
628 1700 676 1740 ad
706 1701 933 1750 gravissima
966 1711 1140 1750 quaeque
1176 1713 1222 1739 ex
1252 1701 1569 1741 antecedentibus

167 1773 327 1818 spectat,
351 1773 394 1807 ut
413 1770 513 1807 inter
535 1781 579 1807 ea
600 1781 698 1817 quae
721 1770 999 1817 oppositionem
1022 1770 1214 1807 sustinent
1229 1769 1302 1807 alia
1318 1769 1472 1807 levioris
1490 1781 1570 1807 mo-

166 1838 284 1876 menti
304 1837 557 1902 intercedffiant,
581 1836 692 1876 Hunc
715 1837 754 1875 in
776 1837 928 1876 modum
951 1837 1022 1886 111,
1043 1838 1109 1879 20,
1132 1840 1167 1876 5.
1187 1848 1236 1875 ss.
1255 1836 1348 1875 haec
1370 1836 1568 1875 dicuntur:

501 1894 509 1905 ³
607 1899 624 1916 ο

285 1953 420 1993 Credis
439 1965 524 1991 eum
545 1954 621 1991 iam
641 1965 755 2002 posse
777 1957 867 1992 tuae
889 1954 1106 1993 meminisse
1128 1953 1283 2003 figurae,

342 2021 487 2060 Vidisti
510 2032 532 2060 a
551 2021 651 2060 lecto
673 2032 784 2070 quem
807 2021 899 2059 dare
921 2021 1005 2059 vela
1025 2023 1116 2060 tuo?

283 2089 413 2127 Durus
434 2089 499 2137 qui
520 2089 647 2136 potuit
666 2089 773 2128 lucro
796 2093 944 2127 mutare
966 2090 1143 2137 puellam.

341 2156 502 2195 Tantine
522 2156 583 2195 his
604 2157 771 2196 lacrimis
793 2156 925 2204 Africa
945 2160 1028 2196 tota
1048 2156 1145 2195 fuit?

283 2224 337 2262 At
357 2227 399 2262 tu
421 2224 538 2263 stulta
560 2225 665 2274 deos,
687 2228 729 2262 tu
749 2223 860 2272 fingis
881 2225 1008 2263 inania
1029 2226 1231 2270 verba—3

165 2353 251 2379 nam
282 2342 384 2379 inter
415 2342 692 2391 oppositionem
718 2341 856 2390 perfidi
877 2343 1059 2382 amatoris
1083 2342 1256 2390 fidaeque
1277 2340 1422 2379 amicae
1444 2340 1566 2378 medio

164 2408 328 2449 disticho
359 2409 482 2448 aliena
503 2409 693 2448 sententia
712 2409 916 2449 interiecta
936 2413 1014 2459 est,
1047 2421 1143 2459 quae
1166 2408 1240 2448 etsi
1261 2420 1347 2448 cum
1369 2418 1481 2447 causa
1501 2418 1565 2445 co-
