<?xml version="1.0" encoding="UTF-8"?>
<!DOCTYPE html PUBLIC "-//W3C//DTD XHTML 1.0 Transitional//EN"
    "http://www.w3.org/TR/xhtml1/DTD/xhtml1-transitional.dtd">
<html xmlns="http://www.w3.org/1999/xhtml" xml:lang="en" lang="en">
 <head>
  <title>
</title>
<meta http-equiv="Content-Type" content="text/html;charset=utf-8" />
  <meta name='ocr-system' content='tesseract 3.04.00' />
  <meta name='ocr-capabilities' content='ocr_page ocr_carea ocr_par ocr_line ocrx_word'/>
</head>
<body>
  <div class='ocr_page' id='page_1' title='image "4737380_0032.png"; bbox 0 0 1862 2676; ppageno 0'>
   <div class='ocr_carea' id='block_1_1' title="bbox 851 46 1084 89">
    <p class='ocr_par' dir='ltr' id='par_1_1' title="bbox 851 46 1084 89">
     <span class='ocr_line' id='line_1_1' title="bbox 851 46 1084 89; baseline 0 -6"><span class='ocrx_word' id='word_1_1' title='bbox 851 46 1084 89; x_wconf 80' lang='lat'><strong>—,22-</strong></span> 
     </span>
    </p>
   </div>
   <div class='ocr_carea' id='block_1_2' title="bbox 260 160 1668 415">
    <p class='ocr_par' dir='ltr' id='par_1_2' title="bbox 260 160 1668 415">
     <span class='ocr_line' id='line_1_2' title="bbox 260 160 1668 211; baseline 0.001 -12"><span class='ocrx_word' id='word_1_2' title='bbox 260 161 412 210; x_wconf 84' lang='lat' dir='ltr'>liquias.</span> <span class='ocrx_word' id='word_1_3' title='bbox 464 161 598 211; x_wconf 88' lang='lat' dir='ltr'>Neque</span> <span class='ocrx_word' id='word_1_4' title='bbox 618 172 710 200; x_wconf 90' lang='lat' dir='ltr'>vero</span> <span class='ocrx_word' id='word_1_5' title='bbox 741 171 788 199; x_wconf 87' lang='lat' dir='ltr'>ex</span> <span class='ocrx_word' id='word_1_6' title='bbox 818 160 893 200; x_wconf 88' lang='lat' dir='ltr'>illis</span> <span class='ocrx_word' id='word_1_7' title='bbox 915 161 1092 201; x_wconf 84' lang='lat' dir='ltr'>versibus</span> <span class='ocrx_word' id='word_1_8' title='bbox 1114 162 1321 211; x_wconf 78' lang='lat' dir='ltr'><strong>quidquam</strong></span> <span class='ocrx_word' id='word_1_9' title='bbox 1341 162 1559 211; x_wconf 82' lang='lat' dir='ltr'>argumenti</span> <span class='ocrx_word' id='word_1_10' title='bbox 1579 161 1668 202; x_wconf 89' lang='lat' dir='ltr'>duci</span> 
     </span>
     <span class='ocr_line' id='line_1_3' title="bbox 261 219 1666 279; baseline 0.001 -11"><span class='ocrx_word' id='word_1_11' title='bbox 261 234 430 279; x_wconf 84' lang='lat' dir='ltr'>oportet,</span> <span class='ocrx_word' id='word_1_12' title='bbox 453 230 590 279; x_wconf 89' lang='lat' dir='ltr'>quibus</span> <span class='ocrx_word' id='word_1_13' title='bbox 610 241 652 268; x_wconf 88' lang='lat' dir='ltr'>se</span> <span class='ocrx_word' id='word_1_14' title='bbox 674 229 904 279; x_wconf 82' lang='lat' dir='ltr'>Propertius</span> <span class='ocrx_word' id='word_1_15' title='bbox 924 230 963 268; x_wconf 88' lang='lat' dir='ltr'>in</span> <span class='ocrx_word' id='word_1_16' title='bbox 984 229 1108 278; x_wconf 87' lang='lat' dir='ltr'>prima</span> <span class='ocrx_word' id='word_1_17' title='bbox 1128 229 1251 279; x_wconf 84' lang='lat' dir='ltr'>elegia</span> <span class='ocrx_word' id='word_1_18' title='bbox 1270 240 1380 270; x_wconf 82' lang='lat' dir='ltr'>sacra</span> <span class='ocrx_word' id='word_1_19' title='bbox 1396 219 1556 279; x_wconf 62' lang='lat' dir='ltr'>diesque</span> <span class='ocrx_word' id='word_1_20' title='bbox 1577 242 1666 270; x_wconf 89' lang='lat' dir='ltr'>can-</span> 
     </span>
     <span class='ocr_line' id='line_1_4' title="bbox 262 297 1666 348; baseline 0.001 -12"><span class='ocrx_word' id='word_1_21' title='bbox 262 302 432 337; x_wconf 89' lang='lat' dir='ltr'>taturum</span> <span class='ocrx_word' id='word_1_22' title='bbox 468 298 659 344; x_wconf 87' lang='lat' dir='ltr'>declarat;</span> <span class='ocrx_word' id='word_1_23' title='bbox 700 298 774 336; x_wconf 90' lang='lat' dir='ltr'>nisi</span> <span class='ocrx_word' id='word_1_24' title='bbox 817 297 917 336; x_wconf 84' lang='lat' dir='ltr'>forte</span> <span class='ocrx_word' id='word_1_25' title='bbox 953 297 1086 336; x_wconf 88' lang='lat' dir='ltr'>eadem</span> <span class='ocrx_word' id='word_1_26' title='bbox 1123 298 1270 338; x_wconf 86' lang='lat' dir='ltr'>ratione</span> <span class='ocrx_word' id='word_1_27' title='bbox 1301 298 1480 338; x_wconf 89' lang='lat' dir='ltr'>Ovidium</span> <span class='ocrx_word' id='word_1_28' title='bbox 1517 309 1666 348; x_wconf 87' lang='lat' dir='ltr'>quoque</span> 
     </span>
     <span class='ocr_line' id='line_1_5' title="bbox 263 365 1666 415; baseline 0.001 -11"><span class='ocrx_word' id='word_1_29' title='bbox 263 366 428 405; x_wconf 91' lang='lat' dir='ltr'>Enniani</span> <span class='ocrx_word' id='word_1_30' title='bbox 449 366 602 415; x_wconf 88' lang='lat' dir='ltr'>generis</span> <span class='ocrx_word' id='word_1_31' title='bbox 623 376 758 414; x_wconf 88' lang='lat' dir='ltr'>poema</span> <span class='ocrx_word' id='word_1_32' title='bbox 778 369 946 404; x_wconf 80' lang='lat' dir='ltr'>tentasse</span> <span class='ocrx_word' id='word_1_33' title='bbox 967 365 1175 413; x_wconf 83' lang='lat' dir='ltr'>existimes,</span> <span class='ocrx_word' id='word_1_34' title='bbox 1199 366 1300 415; x_wconf 92' lang='lat' dir='ltr'>quod</span> <span class='ocrx_word' id='word_1_35' title='bbox 1320 367 1359 405; x_wconf 93' lang='lat' dir='ltr'>in</span> <span class='ocrx_word' id='word_1_36' title='bbox 1378 366 1460 415; x_wconf 89' lang='lat' dir='ltr'>ipso</span> <span class='ocrx_word' id='word_1_37' title='bbox 1483 367 1666 406; x_wconf 86' lang='lat' dir='ltr'>Amorum</span> 
     </span>
    </p>
   </div>
   <div class='ocr_carea' id='block_1_3' title="bbox 262 433 1682 550">
    <p class='ocr_par' dir='ltr' id='par_1_3' title="bbox 262 433 1682 550">
     <span class='ocr_line' id='line_1_6' title="bbox 262 433 1682 494; baseline 0.001 -23"><span class='ocrx_word' id='word_1_38' title='bbox 262 434 392 483; x_wconf 90' lang='lat' dir='ltr'>initio,</span> <span class='ocrx_word' id='word_1_39' title='bbox 426 436 545 473; x_wconf 89' lang='lat' dir='ltr'>Arma</span> <span class='ocrx_word' id='word_1_40' title='bbox 570 433 679 482; x_wconf 88' lang='lat' dir='ltr'>gravi</span> <span class='ocrx_word' id='word_1_41' title='bbox 705 445 881 480; x_wconf 85' lang='lat' dir='ltr'>numero,</span> <span class='ocrx_word' id='word_1_42' title='bbox 912 434 1053 482; x_wconf 92' lang='lat' dir='ltr'>inquit,</span> <span class='ocrx_word' id='word_1_43' title='bbox 1088 433 1325 483; x_wconf 85' lang='lat' dir='ltr'>violentaque</span> <span class='ocrx_word' id='word_1_44' title='bbox 1356 433 1455 473; x_wconf 87' lang='lat' dir='ltr'>bella</span> <span class='ocrx_word' id='word_1_45' title='bbox 1484 434 1682 494; x_wconf 76' lang='lat' dir='ltr'>parabam..</span> 
     </span>
     <span class='ocr_line' id='line_1_7' title="bbox 262 498 1672 550; baseline 0.001 -11"><span class='ocrx_word' id='word_1_46' title='bbox 262 501 403 540; x_wconf 87' lang='lat' dir='ltr'>Edere.</span> <span class='ocrx_word' id='word_1_47' title='bbox 426 501 524 540; x_wconf 92' lang='lat' dir='ltr'>Illud</span> <span class='ocrx_word' id='word_1_48' title='bbox 544 501 673 550; x_wconf 91' lang='lat' dir='ltr'>potius</span> <span class='ocrx_word' id='word_1_49' title='bbox 689 501 1052 548; x_wconf 89' lang='lat' dir='ltr'>animadverterent,</span> <span class='ocrx_word' id='word_1_50' title='bbox 1076 501 1253 541; x_wconf 90' lang='lat' dir='ltr'>Ovidium</span> <span class='ocrx_word' id='word_1_51' title='bbox 1271 502 1385 541; x_wconf 87' lang='lat' dir='ltr'>etiam</span> <span class='ocrx_word' id='word_1_52' title='bbox 1402 506 1442 540; x_wconf 92' lang='lat' dir='ltr'>et</span> <span class='ocrx_word' id='word_1_53' title='bbox 1456 498 1672 548; x_wconf 59' lang='lat' dir='ltr'>Amoribusf&#39;</span> 
     </span>
    </p>
   </div>
   <div class='ocr_carea' id='block_1_4' title="bbox 252 549 1661 2117">
    <p class='ocr_par' dir='ltr' id='par_1_4' title="bbox 252 549 1661 2117">
     <span class='ocr_line' id='line_1_8' title="bbox 262 549 1661 625; baseline 0.001 -18"><span class='ocrx_word' id='word_1_54' title='bbox 262 570 357 608; x_wconf 90' lang='lat' dir='ltr'>illud</span> <span class='ocrx_word' id='word_1_55' title='bbox 378 570 424 608; x_wconf 92' lang='lat' dir='ltr'>de</span> <span class='ocrx_word' id='word_1_56' title='bbox 447 569 598 608; x_wconf 90' lang='lat' dir='ltr'>Iunonis</span> <span class='ocrx_word' id='word_1_57' title='bbox 620 580 727 607; x_wconf 86' lang='lat' dir='ltr'>sacro</span> <span class='ocrx_word' id='word_1_58' title='bbox 749 569 990 608; x_wconf 83' lang='lat' dir='ltr'>Faliscorum</span> <span class='ocrx_word' id='word_1_59' title='bbox 1011 570 1098 619; x_wconf 90' lang='lat' dir='ltr'>(III,</span> <span class='ocrx_word' id='word_1_60' title='bbox 1125 571 1191 618; x_wconf 89' lang='lat'>13)</span> <span class='ocrx_word' id='word_1_61' title='bbox 1222 574 1260 608; x_wconf 90' lang='lat' dir='ltr'>et</span> <span class='ocrx_word' id='word_1_62' title='bbox 1291 570 1481 609; x_wconf 90' lang='lat' dir='ltr'>Tristibus</span> <span class='ocrx_word' id='word_1_63' title='bbox 1502 570 1595 609; x_wconf 93' lang='lat' dir='ltr'>illud</span> <span class='ocrx_word' id='word_1_64' title='bbox 1617 549 1661 625; x_wconf 41' lang='lat' dir='ltr'>dp]</span> 
     </span>
     <span class='ocr_line' id='line_1_9' title="bbox 261 636 1659 698; baseline 0.001 -22"><span class='ocrx_word' id='word_1_65' title='bbox 261 638 391 676; x_wconf 89' lang='lat' dir='ltr'>Tomis</span> <span class='ocrx_word' id='word_1_66' title='bbox 410 649 560 676; x_wconf 87' lang='lat' dir='ltr'>carmen</span> <span class='ocrx_word' id='word_1_67' title='bbox 577 637 660 686; x_wconf 93' lang='lat' dir='ltr'>(III,</span> <span class='ocrx_word' id='word_1_68' title='bbox 676 637 715 686; x_wconf 88' lang='lat'>9)</span> <span class='ocrx_word' id='word_1_69' title='bbox 727 637 947 686; x_wconf 82' lang='lat' dir='ltr'>inseruisse3</span> <span class='ocrx_word' id='word_1_70' title='bbox 966 642 1010 676; x_wconf 92' lang='lat' dir='ltr'>ut</span> <span class='ocrx_word' id='word_1_71' title='bbox 1029 638 1245 677; x_wconf 91' lang='lat' dir='ltr'>huiusmodi</span> <span class='ocrx_word' id='word_1_72' title='bbox 1261 639 1427 677; x_wconf 88' lang='lat' dir='ltr'>carmina</span> <span class='ocrx_word' id='word_1_73' title='bbox 1444 638 1501 677; x_wconf 85' lang='lat' dir='ltr'>vel</span> <span class='ocrx_word' id='word_1_74' title='bbox 1517 636 1659 698; x_wconf 66' lang='lat' dir='ltr'>singula</span> 
     </span>
     <span class='ocr_line' id='line_1_10' title="bbox 259 704 1656 765; baseline 0 -22"><span class='ocrx_word' id='word_1_75' title='bbox 259 709 435 744; x_wconf 82' lang='lat' dir='ltr'>constare</span> <span class='ocrx_word' id='word_1_76' title='bbox 462 717 530 744; x_wconf 90' lang='lat' dir='ltr'>nec</span> <span class='ocrx_word' id='word_1_77' title='bbox 551 716 621 754; x_wconf 89' lang='lat' dir='ltr'>pro</span> <span class='ocrx_word' id='word_1_78' title='bbox 643 704 866 753; x_wconf 82' lang='lat' dir='ltr'>fragmentis</span> <span class='ocrx_word' id='word_1_79' title='bbox 891 706 1075 744; x_wconf 86' lang='lat' dir='ltr'>maiorum</span> <span class='ocrx_word' id='word_1_80' title='bbox 1097 710 1313 754; x_wconf 86' lang='lat' dir='ltr'>poematum</span> <span class='ocrx_word' id='word_1_81' title='bbox 1339 706 1558 756; x_wconf 89' lang='lat' dir='ltr'>accipienda</span> <span class='ocrx_word' id='word_1_82' title='bbox 1579 710 1656 765; x_wconf 62' lang='lat' dir='ltr'>cyse</span> 
     </span>
     <span class='ocr_line' id='line_1_11' title="bbox 258 772 1654 830; baseline 0.001 -20"><span class='ocrx_word' id='word_1_83' title='bbox 258 773 527 822; x_wconf 88' lang='lat' dir='ltr'>intelligerent.</span> <span class='ocrx_word' id='word_1_84' title='bbox 561 772 706 811; x_wconf 90' lang='lat' dir='ltr'>Verum</span> <span class='ocrx_word' id='word_1_85' title='bbox 728 773 791 822; x_wconf 89' lang='lat' dir='ltr'>sit,</span> <span class='ocrx_word' id='word_1_86' title='bbox 814 779 855 811; x_wconf 92' lang='lat' dir='ltr'>ut</span> <span class='ocrx_word' id='word_1_87' title='bbox 877 773 1020 821; x_wconf 76' lang='lat' dir='ltr'>volunt-3</span> <span class='ocrx_word' id='word_1_88' title='bbox 1043 774 1241 823; x_wconf 81' lang='lat' dir='ltr'>scripserit</span> <span class='ocrx_word' id='word_1_89' title='bbox 1263 773 1323 812; x_wconf 90' lang='lat' dir='ltr'>vel</span> <span class='ocrx_word' id='word_1_90' title='bbox 1345 774 1533 813; x_wconf 86' lang='lat' dir='ltr'>inchoarit</span> <span class='ocrx_word' id='word_1_91' title='bbox 1555 776 1654 830; x_wconf 69' lang='lat' dir='ltr'>certe</span> 
     </span>
     <span class='ocr_line' id='line_1_12' title="bbox 257 840 1656 893; baseline -0.001 -13"><span class='ocrx_word' id='word_1_92' title='bbox 257 842 505 891; x_wconf 75' lang='lat' dir='ltr'>Propertius,</span> <span class='ocrx_word' id='word_1_93' title='bbox 538 841 638 890; x_wconf 92' lang='lat' dir='ltr'>quod</span> <span class='ocrx_word' id='word_1_94' title='bbox 671 853 739 880; x_wconf 87' lang='lat' dir='ltr'>nec</span> <span class='ocrx_word' id='word_1_95' title='bbox 771 840 932 889; x_wconf 85' lang='lat' dir='ltr'>perfecit</span> <span class='ocrx_word' id='word_1_96' title='bbox 963 854 1086 891; x_wconf 89' lang='lat' dir='ltr'>neque</span> <span class='ocrx_word' id='word_1_97' title='bbox 1118 842 1263 890; x_wconf 86' lang='lat' dir='ltr'>attigit:</span> <span class='ocrx_word' id='word_1_98' title='bbox 1297 846 1423 880; x_wconf 90' lang='lat' dir='ltr'>tamen</span> <span class='ocrx_word' id='word_1_99' title='bbox 1454 853 1501 879; x_wconf 88' lang='lat' dir='ltr'>ne</span> <span class='ocrx_word' id='word_1_100' title='bbox 1534 845 1656 893; x_wconf 76' lang='lat' dir='ltr'>cetera</span> 
     </span>
     <span class='ocr_line' id='line_1_13' title="bbox 258 909 1656 959; baseline -0.001 -10"><span class='ocrx_word' id='word_1_101' title='bbox 258 910 412 959; x_wconf 88' lang='lat' dir='ltr'>quidem</span> <span class='ocrx_word' id='word_1_102' title='bbox 436 909 589 948; x_wconf 91' lang='lat' dir='ltr'>concedi</span> <span class='ocrx_word' id='word_1_103' title='bbox 612 909 820 959; x_wconf 83' lang='lat' dir='ltr'>oportebit.</span> <span class='ocrx_word' id='word_1_104' title='bbox 845 909 925 949; x_wconf 88' lang='lat' dir='ltr'>Cur</span> <span class='ocrx_word' id='word_1_105' title='bbox 946 911 1044 948; x_wconf 89' lang='lat' dir='ltr'>enim</span> <span class='ocrx_word' id='word_1_106' title='bbox 1068 909 1228 949; x_wconf 90' lang='lat' dir='ltr'>Ovidius</span> <span class='ocrx_word' id='word_1_107' title='bbox 1250 910 1460 959; x_wconf 88' lang='lat' dir='ltr'>fragmenta</span> <span class='ocrx_word' id='word_1_108' title='bbox 1475 910 1562 955; x_wconf 69' lang='lat' dir='ltr'>talia</span> <span class='ocrx_word' id='word_1_109' title='bbox 1579 920 1656 947; x_wconf 91' lang='lat' dir='ltr'>me-</span> 
     </span>
     <span class='ocr_line' id='line_1_14' title="bbox 255 977 1654 1027; baseline 0 -12"><span class='ocrx_word' id='word_1_110' title='bbox 255 982 446 1026; x_wconf 86' lang='lat' dir='ltr'>moraret,</span> <span class='ocrx_word' id='word_1_111' title='bbox 490 990 572 1015; x_wconf 88' lang='lat' dir='ltr'>cum</span> <span class='ocrx_word' id='word_1_112' title='bbox 606 978 688 1026; x_wconf 89' lang='lat' dir='ltr'>ipse</span> <span class='ocrx_word' id='word_1_113' title='bbox 720 989 791 1016; x_wconf 91' lang='lat' dir='ltr'>non</span> <span class='ocrx_word' id='word_1_114' title='bbox 823 977 1036 1026; x_wconf 88' lang='lat' dir='ltr'>fragmenta</span> <span class='ocrx_word' id='word_1_115' title='bbox 1068 979 1131 1017; x_wconf 89' lang='lat' dir='ltr'>sed</span> <span class='ocrx_word' id='word_1_116' title='bbox 1166 990 1340 1027; x_wconf 88' lang='lat' dir='ltr'>maguum</span> <span class='ocrx_word' id='word_1_117' title='bbox 1374 984 1412 1017; x_wconf 90' lang='lat' dir='ltr'>et</span> <span class='ocrx_word' id='word_1_118' title='bbox 1443 979 1654 1025; x_wconf 62' lang='lat' dir='ltr'>continuum</span> 
     </span>
     <span class='ocr_line' id='line_1_15' title="bbox 255 1046 1656 1097; baseline -0.001 -12"><span class='ocrx_word' id='word_1_119' title='bbox 255 1058 391 1095; x_wconf 87' lang='lat' dir='ltr'>poema</span> <span class='ocrx_word' id='word_1_120' title='bbox 411 1046 543 1084; x_wconf 89' lang='lat' dir='ltr'>similis</span> <span class='ocrx_word' id='word_1_121' title='bbox 565 1047 778 1094; x_wconf 88' lang='lat' dir='ltr'>argumenti</span> <span class='ocrx_word' id='word_1_122' title='bbox 801 1046 959 1084; x_wconf 80' lang='lat' dir='ltr'>ederet?</span> <span class='ocrx_word' id='word_1_123' title='bbox 997 1048 1053 1085; x_wconf 88' lang='lat' dir='ltr'>Ac</span> <span class='ocrx_word' id='word_1_124' title='bbox 1077 1058 1146 1085; x_wconf 90' lang='lat' dir='ltr'>cur</span> <span class='ocrx_word' id='word_1_125' title='bbox 1167 1047 1408 1096; x_wconf 87' lang='lat' dir='ltr'>Propertius,</span> <span class='ocrx_word' id='word_1_126' title='bbox 1433 1048 1465 1085; x_wconf 90' lang='lat' dir='ltr'>si</span> <span class='ocrx_word' id='word_1_127' title='bbox 1486 1051 1567 1097; x_wconf 80' lang='lat' dir='ltr'>etat</span> <span class='ocrx_word' id='word_1_128' title='bbox 1587 1047 1656 1084; x_wconf 91' lang='lat' dir='ltr'>ali-</span> 
     </span>
     <span class='ocr_line' id='line_1_16' title="bbox 256 1113 1657 1163; baseline 0 -11"><span class='ocrx_word' id='word_1_129' title='bbox 256 1114 409 1162; x_wconf 89' lang='lat' dir='ltr'>quando</span> <span class='ocrx_word' id='word_1_130' title='bbox 433 1115 583 1162; x_wconf 89' lang='lat' dir='ltr'>epicum</span> <span class='ocrx_word' id='word_1_131' title='bbox 603 1126 738 1162; x_wconf 84' lang='lat' dir='ltr'>poema</span> <span class='ocrx_word' id='word_1_132' title='bbox 753 1126 1020 1163; x_wconf 84' lang='lat' dir='ltr'>aggressurus,</span> <span class='ocrx_word' id='word_1_133' title='bbox 1037 1126 1109 1152; x_wconf 91' lang='lat' dir='ltr'>non</span> <span class='ocrx_word' id='word_1_134' title='bbox 1128 1120 1279 1163; x_wconf 83' lang='lat' dir='ltr'>poterat</span> <span class='ocrx_word' id='word_1_135' title='bbox 1301 1116 1400 1154; x_wconf 86' lang='lat' dir='ltr'>idem</span> <span class='ocrx_word' id='word_1_136' title='bbox 1422 1113 1657 1155; x_wconf 78' lang='lat' dir='ltr'>nihilominus</span> 
     </span>
     <span class='ocr_line' id='line_1_17' title="bbox 255 1182 1656 1232; baseline -0.001 -9"><span class='ocrx_word' id='word_1_137' title='bbox 255 1184 305 1223; x_wconf 89' lang='lat' dir='ltr'>ad</span> <span class='ocrx_word' id='word_1_138' title='bbox 316 1183 455 1222; x_wconf 89' lang='lat' dir='ltr'>Fastos</span> <span class='ocrx_word' id='word_1_139' title='bbox 473 1182 694 1221; x_wconf 89' lang='lat' dir='ltr'>scribendos</span> <span class='ocrx_word' id='word_1_140' title='bbox 715 1183 882 1221; x_wconf 84' lang='lat' dir='ltr'>animum</span> <span class='ocrx_word' id='word_1_141' title='bbox 903 1183 1120 1232; x_wconf 79' lang='lat' dir='ltr'>applicare?</span> <span class='ocrx_word' id='word_1_142' title='bbox 1142 1183 1378 1232; x_wconf 85' lang='lat' dir='ltr'>Quamquam</span> <span class='ocrx_word' id='word_1_143' title='bbox 1398 1196 1475 1231; x_wconf 72' lang='lat' dir='ltr'>nos,</span> <span class='ocrx_word' id='word_1_144' title='bbox 1497 1189 1540 1221; x_wconf 89' lang='lat' dir='ltr'>ut</span> <span class='ocrx_word' id='word_1_145' title='bbox 1560 1183 1656 1222; x_wconf 87' lang='lat' dir='ltr'>dixi-</span> 
     </span>
     <span class='ocr_line' id='line_1_18' title="bbox 259 1251 1654 1300; baseline -0.001 -11"><span class='ocrx_word' id='word_1_146' title='bbox 259 1264 361 1299; x_wconf 88' lang='lat' dir='ltr'>mus,</span> <span class='ocrx_word' id='word_1_147' title='bbox 397 1262 520 1299; x_wconf 88' lang='lat' dir='ltr'>neque</span> <span class='ocrx_word' id='word_1_148' title='bbox 547 1251 641 1288; x_wconf 92' lang='lat' dir='ltr'>illud</span> <span class='ocrx_word' id='word_1_149' title='bbox 662 1251 868 1289; x_wconf 84' lang='lat' dir='ltr'>verisimile</span> <span class='ocrx_word' id='word_1_150' title='bbox 891 1256 1070 1298; x_wconf 87' lang='lat' dir='ltr'>putamus</span> <span class='ocrx_word' id='word_1_151' title='bbox 1092 1263 1214 1300; x_wconf 90' lang='lat' dir='ltr'>neque</span> <span class='ocrx_word' id='word_1_152' title='bbox 1237 1252 1414 1291; x_wconf 90' lang='lat' dir='ltr'>Ovidium</span> <span class='ocrx_word' id='word_1_153' title='bbox 1434 1254 1517 1290; x_wconf 84' lang='lat' dir='ltr'>ante</span> <span class='ocrx_word' id='word_1_154' title='bbox 1538 1253 1654 1289; x_wconf 91' lang='lat' dir='ltr'>Amo-</span> 
     </span>
     <span class='ocr_line' id='line_1_19' title="bbox 257 1318 1654 1368; baseline -0.001 -11"><span class='ocrx_word' id='word_1_155' title='bbox 257 1331 319 1358; x_wconf 84' lang='lat' dir='ltr'>res</span> <span class='ocrx_word' id='word_1_156' title='bbox 336 1319 491 1358; x_wconf 88' lang='lat' dir='ltr'>annales</span> <span class='ocrx_word' id='word_1_157' title='bbox 508 1319 655 1367; x_wconf 88' lang='lat' dir='ltr'>aliquos</span> <span class='ocrx_word' id='word_1_158' title='bbox 673 1319 860 1367; x_wconf 85' lang='lat' dir='ltr'>attigisse.</span> <span class='ocrx_word' id='word_1_159' title='bbox 883 1318 982 1357; x_wconf 90' lang='lat' dir='ltr'>Nam</span> <span class='ocrx_word' id='word_1_160' title='bbox 999 1331 1095 1368; x_wconf 88' lang='lat' dir='ltr'>quae</span> <span class='ocrx_word' id='word_1_161' title='bbox 1111 1319 1294 1358; x_wconf 88' lang='lat' dir='ltr'>orationis</span> <span class='ocrx_word' id='word_1_162' title='bbox 1314 1320 1500 1368; x_wconf 80' lang='lat' dir='ltr'>premitur</span> <span class='ocrx_word' id='word_1_163' title='bbox 1522 1318 1654 1357; x_wconf 89' lang='lat' dir='ltr'>simili-</span> 
     </span>
     <span class='ocr_line' id='line_1_20' title="bbox 256 1386 1654 1436; baseline -0.001 -11"><span class='ocrx_word' id='word_1_164' title='bbox 256 1388 349 1425; x_wconf 87' lang='lat' dir='ltr'>tudo</span> <span class='ocrx_word' id='word_1_165' title='bbox 363 1388 591 1434; x_wconf 88' lang='lat' dir='ltr'>aCaruttio,</span> <span class='ocrx_word' id='word_1_166' title='bbox 615 1387 724 1425; x_wconf 90' lang='lat' dir='ltr'>cuius</span> <span class='ocrx_word' id='word_1_167' title='bbox 744 1387 784 1423; x_wconf 91' lang='lat' dir='ltr'>in</span> <span class='ocrx_word' id='word_1_168' title='bbox 806 1387 1073 1425; x_wconf 89' lang='lat' dir='ltr'>documentum</span> <span class='ocrx_word' id='word_1_169' title='bbox 1095 1389 1254 1435; x_wconf 88' lang='lat' dir='ltr'>primam</span> <span class='ocrx_word' id='word_1_170' title='bbox 1277 1387 1465 1436; x_wconf 78' lang='lat' dir='ltr'>Propertii</span> <span class='ocrx_word' id='word_1_171' title='bbox 1490 1386 1654 1433; x_wconf 80' lang='lat' dir='ltr'>elegiam</span> 
     </span>
     <span class='ocr_line' id='line_1_21' title="bbox 257 1454 1652 1504; baseline -0.001 -10"><span class='ocrx_word' id='word_1_172' title='bbox 257 1467 343 1494; x_wconf 91' lang='lat' dir='ltr'>cum</span> <span class='ocrx_word' id='word_1_173' title='bbox 367 1454 494 1494; x_wconf 88' lang='lat' dir='ltr'>Ovidii</span> <span class='ocrx_word' id='word_1_174' title='bbox 511 1454 638 1493; x_wconf 89' lang='lat' dir='ltr'>Fastis</span> <span class='ocrx_word' id='word_1_175' title='bbox 650 1460 688 1492; x_wconf 87' lang='lat' dir='ltr'>et</span> <span class='ocrx_word' id='word_1_176' title='bbox 701 1458 796 1492; x_wconf 84' lang='lat' dir='ltr'>Arte</span> <span class='ocrx_word' id='word_1_177' title='bbox 809 1455 972 1493; x_wconf 89' lang='lat' dir='ltr'>Amandi</span> <span class='ocrx_word' id='word_1_178' title='bbox 989 1459 1196 1504; x_wconf 89' lang='lat' dir='ltr'>comparat,</span> <span class='ocrx_word' id='word_1_179' title='bbox 1214 1467 1258 1494; x_wconf 88' lang='lat' dir='ltr'>ea</span> <span class='ocrx_word' id='word_1_180' title='bbox 1274 1455 1472 1494; x_wconf 86' lang='lat' dir='ltr'>maximam</span> <span class='ocrx_word' id='word_1_181' title='bbox 1488 1458 1652 1503; x_wconf 90' lang='lat' dir='ltr'>partem,</span> 
     </span>
     <span class='ocr_line' id='line_1_22' title="bbox 259 1522 1652 1572; baseline -0.001 -10"><span class='ocrx_word' id='word_1_182' title='bbox 259 1529 301 1562; x_wconf 91' lang='lat' dir='ltr'>ut</span> <span class='ocrx_word' id='word_1_183' title='bbox 317 1524 530 1562; x_wconf 87' lang='lat' dir='ltr'>rectissime</span> <span class='ocrx_word' id='word_1_184' title='bbox 553 1522 648 1561; x_wconf 86' lang='lat' dir='ltr'>dicit</span> <span class='ocrx_word' id='word_1_185' title='bbox 668 1523 978 1572; x_wconf 87' lang='lat' dir='ltr'>Luettiohannes‚</span> <span class='ocrx_word' id='word_1_186' title='bbox 1003 1535 1134 1561; x_wconf 89' lang='lat' dir='ltr'>rerum</span> <span class='ocrx_word' id='word_1_187' title='bbox 1152 1524 1393 1562; x_wconf 86' lang='lat' dir='ltr'>similitudine</span> <span class='ocrx_word' id='word_1_188' title='bbox 1409 1526 1523 1571; x_wconf 89' lang='lat' dir='ltr'>atque</span> <span class='ocrx_word' id='word_1_189' title='bbox 1539 1528 1652 1571; x_wconf 87' lang='lat' dir='ltr'>argu-</span> 
     </span>
     <span class='ocr_line' id='line_1_23' title="bbox 254 1589 1656 1641; baseline -0.001 -11"><span class='ocrx_word' id='word_1_190' title='bbox 254 1592 374 1631; x_wconf 90' lang='lat' dir='ltr'>menti</span> <span class='ocrx_word' id='word_1_191' title='bbox 396 1592 626 1639; x_wconf 86' lang='lat' dir='ltr'>continetur,</span> <span class='ocrx_word' id='word_1_192' title='bbox 659 1596 846 1640; x_wconf 89' lang='lat' dir='ltr'>quatenus</span> <span class='ocrx_word' id='word_1_193' title='bbox 877 1596 1002 1631; x_wconf 89' lang='lat' dir='ltr'>autem</span> <span class='ocrx_word' id='word_1_194' title='bbox 1029 1589 1231 1631; x_wconf 86' lang='lat' dir='ltr'>verborum</span> <span class='ocrx_word' id='word_1_195' title='bbox 1254 1591 1370 1641; x_wconf 84' lang='lat' dir='ltr'>magis</span> <span class='ocrx_word' id='word_1_196' title='bbox 1393 1602 1503 1640; x_wconf 87' lang='lat' dir='ltr'>quam</span> <span class='ocrx_word' id='word_1_197' title='bbox 1525 1602 1656 1629; x_wconf 91' lang='lat' dir='ltr'>rerum</span> 
     </span>
     <span class='ocr_line' id='line_1_24' title="bbox 255 1660 1655 1709; baseline 0 -11"><span class='ocrx_word' id='word_1_198' title='bbox 255 1664 327 1708; x_wconf 89' lang='lat' dir='ltr'>est,</span> <span class='ocrx_word' id='word_1_199' title='bbox 349 1665 426 1699; x_wconf 90' lang='lat' dir='ltr'>tam</span> <span class='ocrx_word' id='word_1_200' title='bbox 449 1660 525 1698; x_wconf 89' lang='lat' dir='ltr'>late</span> <span class='ocrx_word' id='word_1_201' title='bbox 547 1664 652 1709; x_wconf 86' lang='lat' dir='ltr'>patet</span> <span class='ocrx_word' id='word_1_202' title='bbox 672 1665 824 1708; x_wconf 87' lang='lat' dir='ltr'>tamque</span> <span class='ocrx_word' id='word_1_203' title='bbox 847 1672 976 1698; x_wconf 90' lang='lat' dir='ltr'>omnes</span> <span class='ocrx_word' id='word_1_204' title='bbox 998 1661 1047 1698; x_wconf 89' lang='lat' dir='ltr'>ad</span> <span class='ocrx_word' id='word_1_205' title='bbox 1067 1660 1261 1708; x_wconf 88' lang='lat' dir='ltr'>Propertii</span> <span class='ocrx_word' id='word_1_206' title='bbox 1282 1660 1399 1698; x_wconf 89' lang='lat' dir='ltr'>libros</span> <span class='ocrx_word' id='word_1_207' title='bbox 1418 1660 1595 1708; x_wconf 89' lang='lat' dir='ltr'>pertinet,</span> <span class='ocrx_word' id='word_1_208' title='bbox 1613 1665 1655 1698; x_wconf 90' lang='lat' dir='ltr'>ut</span> 
     </span>
     <span class='ocr_line' id='line_1_25' title="bbox 255 1727 1653 1777; baseline -0.001 -10"><span class='ocrx_word' id='word_1_209' title='bbox 255 1732 323 1767; x_wconf 90' lang='lat' dir='ltr'>aut</span> <span class='ocrx_word' id='word_1_210' title='bbox 344 1728 434 1766; x_wconf 90' lang='lat' dir='ltr'>nihil</span> <span class='ocrx_word' id='word_1_211' title='bbox 457 1728 683 1777; x_wconf 86' lang='lat' dir='ltr'>suspicionis</span> <span class='ocrx_word' id='word_1_212' title='bbox 705 1733 853 1766; x_wconf 85' lang='lat' dir='ltr'>moveat</span> <span class='ocrx_word' id='word_1_213' title='bbox 883 1732 948 1766; x_wconf 89' lang='lat' dir='ltr'>aut</span> <span class='ocrx_word' id='word_1_214' title='bbox 980 1728 1154 1767; x_wconf 91' lang='lat' dir='ltr'>omnibus</span> <span class='ocrx_word' id='word_1_215' title='bbox 1181 1729 1263 1767; x_wconf 89' lang='lat' dir='ltr'>eius</span> <span class='ocrx_word' id='word_1_216' title='bbox 1284 1727 1513 1766; x_wconf 87' lang='lat' dir='ltr'>carminibus</span> <span class='ocrx_word' id='word_1_217' title='bbox 1534 1727 1653 1766; x_wconf 86' lang='lat' dir='ltr'>multa</span> 
     </span>
     <span class='ocr_line' id='line_1_26' title="bbox 255 1795 1646 1845; baseline -0.001 -11"><span class='ocrx_word' id='word_1_218' title='bbox 255 1797 443 1844; x_wconf 88' lang='lat' dir='ltr'>amputari</span> <span class='ocrx_word' id='word_1_219' title='bbox 477 1800 673 1845; x_wconf 88' lang='lat' dir='ltr'>oporteat,</span> <span class='ocrx_word' id='word_1_220' title='bbox 712 1808 808 1844; x_wconf 88' lang='lat' dir='ltr'>quae</span> <span class='ocrx_word' id='word_1_221' title='bbox 840 1797 887 1833; x_wconf 89' lang='lat' dir='ltr'>ab</span> <span class='ocrx_word' id='word_1_222' title='bbox 919 1797 1091 1834; x_wconf 88' lang='lat' dir='ltr'>omnibus</span> <span class='ocrx_word' id='word_1_223' title='bbox 1121 1797 1291 1844; x_wconf 88' lang='lat' dir='ltr'>partibus</span> <span class='ocrx_word' id='word_1_224' title='bbox 1322 1799 1406 1833; x_wconf 88' lang='lat' dir='ltr'>tuta</span> <span class='ocrx_word' id='word_1_225' title='bbox 1436 1795 1646 1833; x_wconf 90' lang='lat' dir='ltr'>videantur.</span> 
     </span>
     <span class='ocr_line' id='line_1_27' title="bbox 255 1859 1646 1913; baseline -0.001 -11"><span class='ocrx_word' id='word_1_226' title='bbox 255 1862 364 1911; x_wconf 81' lang='lat' dir='ltr'>Quod</span> <span class='ocrx_word' id='word_1_227' title='bbox 386 1876 460 1913; x_wconf 92' lang='lat' dir='ltr'>quo</span> <span class='ocrx_word' id='word_1_228' title='bbox 481 1864 600 1912; x_wconf 87' lang='lat' dir='ltr'>magis</span> <span class='ocrx_word' id='word_1_229' title='bbox 623 1867 824 1913; x_wconf 83' lang='lat' dir='ltr'>appareat,</span> <span class='ocrx_word' id='word_1_230' title='bbox 847 1875 932 1902; x_wconf 90' lang='lat' dir='ltr'>eum</span> <span class='ocrx_word' id='word_1_231' title='bbox 954 1864 1077 1913; x_wconf 87' lang='lat' dir='ltr'>ipsum</span> <span class='ocrx_word' id='word_1_232' title='bbox 1099 1864 1221 1903; x_wconf 86' lang='lat' dir='ltr'>locum</span> <span class='ocrx_word' id='word_1_233' title='bbox 1241 1859 1450 1912; x_wconf 91' lang='lat' dir='ltr'>Propertii,</span> <span class='ocrx_word' id='word_1_234' title='bbox 1479 1863 1541 1912; x_wconf 95' lang='lat' dir='ltr'>qui</span> <span class='ocrx_word' id='word_1_235' title='bbox 1563 1863 1646 1901; x_wconf 91' lang='lat' dir='ltr'>nul-</span> 
     </span>
     <span class='ocr_line' id='line_1_28' title="bbox 252 1932 1649 1981; baseline -0.001 -11"><span class='ocrx_word' id='word_1_236' title='bbox 252 1932 327 1970; x_wconf 88' lang='lat' dir='ltr'>lam</span> <span class='ocrx_word' id='word_1_237' title='bbox 343 1944 508 1981; x_wconf 89' lang='lat' dir='ltr'>unquam</span> <span class='ocrx_word' id='word_1_238' title='bbox 520 1933 691 1970; x_wconf 88' lang='lat' dir='ltr'>auctoris</span> <span class='ocrx_word' id='word_1_239' title='bbox 707 1933 960 1980; x_wconf 90' lang='lat' dir='ltr'>suspicionem</span> <span class='ocrx_word' id='word_1_240' title='bbox 974 1933 1090 1970; x_wconf 89' lang='lat' dir='ltr'>movit</span> <span class='ocrx_word' id='word_1_241' title='bbox 1101 1933 1280 1980; x_wconf 90' lang='lat' dir='ltr'>cuiusque</span> <span class='ocrx_word' id='word_1_242' title='bbox 1292 1944 1314 1969; x_wconf 87' lang='lat' dir='ltr'>a</span> <span class='ocrx_word' id='word_1_243' title='bbox 1327 1932 1448 1980; x_wconf 91' lang='lat' dir='ltr'>primo</span> <span class='ocrx_word' id='word_1_244' title='bbox 1465 1932 1649 1970; x_wconf 91' lang='lat' dir='ltr'>vocabulo</span> 
     </span>
     <span class='ocr_line' id='line_1_29' title="bbox 255 1999 1651 2048; baseline -0.001 -10"><span class='ocrx_word' id='word_1_245' title='bbox 255 2001 376 2039; x_wconf 88' lang='lat' dir='ltr'>omnis</span> <span class='ocrx_word' id='word_1_246' title='bbox 409 2000 508 2038; x_wconf 90' lang='lat' dir='ltr'>liber</span> <span class='ocrx_word' id='word_1_247' title='bbox 538 1999 686 2048; x_wconf 85' lang='lat' dir='ltr'>primus</span> <span class='ocrx_word' id='word_1_248' title='bbox 712 2011 846 2038; x_wconf 91' lang='lat' dir='ltr'>nomen</span> <span class='ocrx_word' id='word_1_249' title='bbox 874 2001 1035 2048; x_wconf 89' lang='lat' dir='ltr'>accepit,</span> <span class='ocrx_word' id='word_1_250' title='bbox 1069 2001 1215 2039; x_wconf 89' lang='lat' dir='ltr'>initium</span> <span class='ocrx_word' id='word_1_251' title='bbox 1247 1999 1329 2038; x_wconf 91' lang='lat' dir='ltr'>dico</span> <span class='ocrx_word' id='word_1_252' title='bbox 1361 2000 1504 2048; x_wconf 86' lang='lat' dir='ltr'>primae</span> <span class='ocrx_word' id='word_1_253' title='bbox 1538 1999 1651 2047; x_wconf 86' lang='lat' dir='ltr'>primi</span> 
     </span>
     <span class='ocr_line' id='line_1_30' title="bbox 255 2067 1470 2117; baseline -0.001 -11"><span class='ocrx_word' id='word_1_254' title='bbox 255 2068 344 2107; x_wconf 92' lang='lat' dir='ltr'>libri</span> <span class='ocrx_word' id='word_1_255' title='bbox 367 2068 532 2117; x_wconf 85' lang='lat' dir='ltr'>elegiae,</span> <span class='ocrx_word' id='word_1_256' title='bbox 555 2080 640 2107; x_wconf 88' lang='lat' dir='ltr'>cum</span> <span class='ocrx_word' id='word_1_257' title='bbox 664 2067 787 2107; x_wconf 88' lang='lat' dir='ltr'>Ovidii</span> <span class='ocrx_word' id='word_1_258' title='bbox 812 2069 997 2107; x_wconf 85' lang='lat' dir='ltr'>similibus</span> <span class='ocrx_word' id='word_1_259' title='bbox 1019 2069 1191 2107; x_wconf 88' lang='lat' dir='ltr'>versibus</span> <span class='ocrx_word' id='word_1_260' title='bbox 1213 2067 1470 2107; x_wconf 85' lang='lat' dir='ltr'>conferemus:</span> 
     </span>
    </p>
   </div>
   <div class='ocr_carea' id='block_1_5' title="bbox 340 2204 1634 2458">
    <p class='ocr_par' dir='ltr' id='par_1_5' title="bbox 343 2204 1476 2253">
     <span class='ocr_line' id='line_1_31' title="bbox 343 2204 1476 2253; baseline 0 -12"><span class='ocrx_word' id='word_1_261' title='bbox 343 2205 408 2242; x_wconf 91' lang='lat' dir='ltr'>Pr.</span> <span class='ocrx_word' id='word_1_262' title='bbox 437 2207 471 2242; x_wconf 90' lang='lat'>1.</span> <span class='ocrx_word' id='word_1_263' title='bbox 497 2204 662 2253; x_wconf 80' lang='lat' dir='ltr'>Cynthia</span> <span class='ocrx_word' id='word_1_264' title='bbox 683 2205 806 2252; x_wconf 87' lang='lat' dir='ltr'>prima</span> <span class='ocrx_word' id='word_1_265' title='bbox 829 2205 908 2243; x_wconf 90' lang='lat' dir='ltr'>suis</span> <span class='ocrx_word' id='word_1_266' title='bbox 931 2205 1112 2243; x_wconf 88' lang='lat' dir='ltr'>miserum</span> <span class='ocrx_word' id='word_1_267' title='bbox 1132 2216 1191 2242; x_wconf 90' lang='lat' dir='ltr'>me</span> <span class='ocrx_word' id='word_1_268' title='bbox 1214 2205 1314 2252; x_wconf 90' lang='lat' dir='ltr'>cepit</span> <span class='ocrx_word' id='word_1_269' title='bbox 1335 2204 1476 2243; x_wconf 81' lang='lat' dir='ltr'>ocellis.</span> 
     </span>
    </p>

    <p class='ocr_par' dir='ltr' id='par_1_6' title="bbox 340 2271 1634 2380">
     <span class='ocr_line' id='line_1_32' title="bbox 343 2271 1634 2322; baseline -0.001 -10"><span class='ocrx_word' id='word_1_270' title='bbox 343 2271 413 2312; x_wconf 88' lang='lat' dir='ltr'>Ov.</span> <span class='ocrx_word' id='word_1_271' title='bbox 437 2273 521 2311; x_wconf 91' lang='lat' dir='ltr'>Am.</span> <span class='ocrx_word' id='word_1_272' title='bbox 545 2272 615 2321; x_wconf 94' lang='lat' dir='ltr'>III,</span> <span class='ocrx_word' id='word_1_273' title='bbox 643 2275 708 2322; x_wconf 85' lang='lat'>11,</span> <span class='ocrx_word' id='word_1_274' title='bbox 732 2274 799 2312; x_wconf 88' lang='lat'>43.</span> <span class='ocrx_word' id='word_1_275' title='bbox 822 2273 971 2322; x_wconf 88' lang='lat' dir='ltr'>Perque</span> <span class='ocrx_word' id='word_1_276' title='bbox 993 2278 1079 2312; x_wconf 87' lang='lat' dir='ltr'>tuos</span> <span class='ocrx_word' id='word_1_277' title='bbox 1100 2272 1226 2311; x_wconf 88' lang='lat' dir='ltr'>oculos</span> <span class='ocrx_word' id='word_1_278' title='bbox 1249 2273 1313 2321; x_wconf 90' lang='lat' dir='ltr'>qui</span> <span class='ocrx_word' id='word_1_279' title='bbox 1334 2284 1496 2322; x_wconf 88' lang='lat' dir='ltr'>rapuere</span> <span class='ocrx_word' id='word_1_280' title='bbox 1518 2284 1634 2312; x_wconf 88' lang='lat' dir='ltr'>meos.</span> 
     </span>
     <span class='ocr_line' id='line_1_33' title="bbox 340 2341 1466 2380; baseline 0 -1"><span class='ocrx_word' id='word_1_281' title='bbox 340 2341 405 2379; x_wconf 91' lang='lat' dir='ltr'>Pr.</span> <span class='ocrx_word' id='word_1_282' title='bbox 435 2343 471 2379; x_wconf 86' lang='lat'>3.</span> <span class='ocrx_word' id='word_1_283' title='bbox 495 2341 590 2378; x_wconf 92' lang='lat' dir='ltr'>Tum</span> <span class='ocrx_word' id='word_1_284' title='bbox 613 2342 704 2379; x_wconf 90' lang='lat' dir='ltr'>mihi</span> <span class='ocrx_word' id='word_1_285' title='bbox 727 2343 937 2380; x_wconf 88' lang='lat' dir='ltr'>constantis</span> <span class='ocrx_word' id='word_1_286' title='bbox 959 2342 1098 2379; x_wconf 89' lang='lat' dir='ltr'>deiecit</span> <span class='ocrx_word' id='word_1_287' title='bbox 1117 2341 1258 2379; x_wconf 87' lang='lat' dir='ltr'>lumina</span> <span class='ocrx_word' id='word_1_288' title='bbox 1279 2341 1466 2379; x_wconf 84' lang='lat' dir='ltr'>fastus——</span> 
     </span>
    </p>

    <p class='ocr_par' dir='ltr' id='par_1_7' title="bbox 341 2408 1508 2458">
     <span class='ocr_line' id='line_1_34' title="bbox 341 2408 1508 2458; baseline 0.001 -11"><span class='ocrx_word' id='word_1_289' title='bbox 341 2409 431 2448; x_wconf 90' lang='lat' dir='ltr'>Her.</span> <span class='ocrx_word' id='word_1_290' title='bbox 456 2408 526 2457; x_wconf 93' lang='lat' dir='ltr'>XI,</span> <span class='ocrx_word' id='word_1_291' title='bbox 552 2410 616 2448; x_wconf 86' lang='lat'>35.</span> <span class='ocrx_word' id='word_1_292' title='bbox 640 2409 787 2448; x_wconf 87' lang='lat' dir='ltr'>Erubui</span> <span class='ocrx_word' id='word_1_293' title='bbox 809 2410 1030 2458; x_wconf 87' lang='lat' dir='ltr'>gremioque</span> <span class='ocrx_word' id='word_1_294' title='bbox 1051 2409 1175 2458; x_wconf 88' lang='lat' dir='ltr'>pudor</span> <span class='ocrx_word' id='word_1_295' title='bbox 1196 2409 1335 2448; x_wconf 85' lang='lat' dir='ltr'>deiecit</span> <span class='ocrx_word' id='word_1_296' title='bbox 1356 2409 1508 2448; x_wconf 84' lang='lat' dir='ltr'>ocellos.</span> 
     </span>
    </p>
   </div>
   <div class='ocr_carea' id='block_1_6' title="bbox 1755 0 1773 93">
    <p class='ocr_par' dir='ltr' id='par_1_8' title="bbox 1755 0 1773 93">
     <span class='ocr_line' id='line_1_35' title="bbox 1755 0 1773 93; baseline 0 -1"><span class='ocrx_word' id='word_1_297' title='bbox 1755 0 1773 93; x_wconf 59' lang='lat' dir='ltr'><em>A</em></span> 
     </span>
    </p>
   </div>
   <div class='ocr_carea' id='block_1_7' title="bbox 1746 141 1752 167">
    <p class='ocr_par' dir='ltr' id='par_1_9' title="bbox 1746 141 1752 167">
     <span class='ocr_line' id='line_1_36' title="bbox 1746 141 1752 167; baseline 0 0"><span class='ocrx_word' id='word_1_298' title='bbox 1746 141 1752 167; x_wconf 90' lang='grc' dir='ltr'>Ι</span> 
     </span>
    </p>
   </div>
  </div>
 </body>
</html>
