1862 2676
894 70 1123 108 ...92—

298 188 399 228 mari
430 192 470 228 et
498 189 730 237 tempestate
761 187 834 227 sibi
863 186 1071 227 instantem
1103 185 1336 236 deploravit,
1366 196 1483 225 versu
1520 186 1585 224 13.
1617 184 1711 224 haec

299 256 425 296 addit:

417 371 480 410 Ah
501 374 636 420 pereat
657 371 874 421 quicunque
897 375 1001 410 rates
1022 375 1062 410 et
1083 371 1166 410 vela
1185 372 1354 419 paravit!
1369 392 1426 400 —

298 485 354 525 sic
375 486 407 535 I,
434 487 500 525 11.
524 489 727 536 postquam
759 490 798 526 et
820 486 920 526 'ante
947 490 1132 537 quantum
1153 490 1344 526 metueret
1365 499 1389 527 a
1408 486 1513 526 Baiis
1534 485 1711 536 exposuit

298 556 338 591 et
357 554 531 602 proximo
552 566 688 592 rursus
709 555 776 602 qui
796 555 992 595 antecedit
1013 566 1125 593 versu
1146 555 1277 593 multis
1297 555 1364 594 illa
1384 555 1478 594 dare
1498 555 1615 593 litora
1631 553 1709 592 dis-

298 620 443 660 cidium
463 621 680 681 affirmavit,
704 626 876 671 postemo
897 623 968 661 hac
989 623 1243 663 detestatione
1265 634 1319 661 vs.
1347 624 1413 662 30.
1435 623 1577 662 utitur:

416 740 478 779 Ah
499 744 660 789 pereant
680 740 796 779 Baiae
818 741 961 780 crimen
984 740 1126 779 amoris
1146 741 1284 790 aquae!

297 855 379 894 Nec
411 856 574 894 multum
606 856 753 905 differt,
786 857 819 895 si
849 868 980 895 verum
1013 857 1251 905 quaerimus,
1285 856 1384 905 quod
1410 852 1552 894 dicitur
1575 856 1644 904 III,
1668 857 1709 905 8,

301 925 368 963 37.
394 936 423 963 s.

414 1039 468 1078 At
489 1039 574 1089 tibi,
598 1039 665 1087 qui
686 1042 818 1078 nostro
841 1040 980 1079 nexisti
1002 1039 1101 1079 retia
1122 1039 1232 1088 lecto,

476 1107 536 1146 Sit
556 1119 664 1147 socer
685 1111 883 1147 aeternum
907 1119 976 1147 nec
998 1109 1080 1147 sine
1102 1112 1224 1147 matre
1246 1108 1397 1146 domus!
1413 1129 1469 1137 —

297 1223 363 1272 qui
394 1234 531 1262 versus
557 1223 604 1262 ab
627 1224 838 1262 amatoriae
865 1223 1132 1262 aemulationis
1160 1223 1519 1262 commemoratione
1547 1235 1622 1262 uno
1650 1223 1708 1262 di-

297 1291 421 1330 sticho
444 1292 714 1339 seiunguntur:

415 1406 550 1446 Gaude
572 1407 674 1456 quod
695 1407 798 1446 nulla
819 1411 880 1446 est
900 1418 1022 1455 aeque
1045 1406 1230 1446 formosa:
1254 1406 1417 1455 doleres,

475 1474 513 1513 Si
535 1486 609 1523 qua
630 1474 748 1513 foret:
771 1486 870 1513 nunc
892 1475 945 1513 sis
967 1475 1050 1513 iure
1073 1475 1237 1523 superba
1256 1475 1413 1513 licet—

295 1603 371 1640 quo
403 1591 503 1630 mala
533 1592 616 1630 eius
647 1592 851 1630 rivalitatis
883 1595 1073 1640 augentur
1101 1596 1140 1629 et
1160 1591 1454 1640 amplificantur.
1500 1592 1551 1630 At
1572 1591 1641 1641 IV,
1668 1594 1706 1643 5,

297 1661 371 1697 75:
395 1660 497 1708 quod
518 1660 680 1698 dicitur:

415 1785 474 1825 Sit
494 1787 663 1825 tumulus
685 1787 793 1825 lenae
815 1790 925 1825 curto
945 1789 1057 1825 vetus
1077 1786 1258 1835 amphora
1280 1786 1377 1824 collo
1391 1788 1547 1825 —cett.
1596 1820 1598 1822 .

295 1904 368 1942 etsi
388 1903 521 1942 decem
544 1915 681 1942 versus
702 1903 947 1942 intercedunt
968 1904 1070 1941 inter
1090 1903 1158 1941 has
1179 1914 1313 1952 preces
1335 1906 1374 1942 et
1395 1903 1520 1942 scelus
1541 1903 1649 1942 lenae
1664 1904 1704 1941 in

295 1983 368 2020 quo
390 1975 515 2009 totum
536 1971 617 2009 fere
640 1983 791 2009 carmen
814 1971 1051 2009 consumitur
1067 1975 1278 2019 narratum,
1300 1971 1347 2009 iis
1362 1971 1456 2019 ipsis
1473 1974 1602 2009 tamen
1618 1982 1704 2009 ver-

294 2038 401 2077 sibus
421 2038 515 2077 illud
535 2042 718 2077 narratur
739 2039 925 2087 evenisse,
958 2038 1060 2086 quod
1082 2038 1156 2076 nisi
1178 2039 1369 2077 evenisset
1390 2038 1599 2087 optandum
1621 2041 1705 2077 erat

291 2109 337 2145 ut
357 2107 541 2156 eveniret,
562 2110 727 2146 mortem
749 2107 834 2145 dico
856 2107 1129 2155 miserrimam,
1164 2118 1241 2156 qua
1262 2106 1300 2145 di
1322 2107 1361 2144 in
1384 2107 1470 2155 ipso
1491 2106 1636 2145 scelere
1657 2106 1703 2144 il-

290 2174 367 2213 lam
398 2175 635 2222 puniverint,
670 2178 712 2213 ut
742 2177 901 2213 eventus
933 2174 1118 2222 optationi
1151 2175 1258 2223 quasi
1289 2177 1531 2223 praecurrat.
1577 2173 1705 2213 Semel

289 2242 413 2291 igitur
442 2242 543 2290 apud
572 2242 820 2291 Propertium
853 2241 1058 2281 detestatio
1091 2253 1164 2280 non
1197 2243 1340 2291 excipit
1365 2243 1487 2291 ipsam
1515 2242 1704 2281 malorum

289 2310 349 2348 vel
371 2309 559 2348 scelerum
581 2310 681 2348 unde
703 2309 962 2357 proficiscitur
984 2310 1395 2359 commemorationem,
1416 2310 1467 2359 ΙΙ,
1494 2311 1561 2358 29,
1590 2312 1655 2347 12.

407 2415 581 2455 Intereat
601 2416 667 2464 qui
689 2427 757 2454 nos
780 2426 856 2454 non
878 2419 987 2464 putet
1006 2427 1088 2455 esse
1110 2416 1217 2455 deos!
1232 2438 1289 2445 —-
