1862 2676
738 79 966 116 -67-

156 205 230 243 pro
251 197 396 230 virum
423 192 557 230 scribit
578 193 877 241 moram‚1quod
898 193 1037 241 virum
1061 202 1182 241 neque
1202 204 1225 232 a
1246 191 1457 231 simulare
1477 203 1541 229 ne-

159 273 233 311 que
253 272 276 298 a
297 260 486 308 pretium
509 260 621 309 facit
641 265 772 311 aptum
786 261 906 309 possit
920 271 1025 307 esse;
1047 272 1143 309 quae
1160 272 1245 299 cum
1262 261 1377 299 verba
1392 271 1543 308 semper

159 327 391 377 significent:
432 328 714 374 constituere
754 328 949 377 pretium
970 348 1026 356 -·—
1051 328 1307 366 accusativum
1338 340 1411 366 nou
1441 328 1542 366 asci-

159 400 276 435 scant.
296 395 371 433 Sed
388 392 479 433 nihil
497 397 713 434 mutandum
732 400 801 433 est.
820 396 915 434 Nam
933 396 1072 432 virum
1095 396 1286 442 pretium
1307 396 1413 434 facit
1434 396 1541 445 simi-‚-

158 463 246 502 liter
276 462 418 501 dicitur
446 474 490 501 ac
526 464 717 510 pretium
747 462 896 500 fecere
926 462 1042 500 Deos
1073 462 1119 500 de
1146 474 1219 511 quo
1246 463 1292 501 ad
1307 463 1385 516 iv,
1411 466 1447 512 1,
1471 465 1539 502 81.

156 531 331 577 diximus,
358 530 432 568 etsi
459 531 519 567 hic
546 532 743 578 pretium
767 530 890 579 magis
916 531 1029 568 etiam
1051 542 1080 568 a·
1093 531 1247 578 propria
1268 531 1540 577 significatione

156 596 337 635 deflexum
369 601 439 635 est.
475 597 604 646 Neque
635 598 732 635 enim
769 596 805 635 id
836 598 991 636 denotat
1022 598 1122 645 quod
1147 597 1256 646 quasi
1287 598 1324 635 in
1355 599 1540 647 emptione

154 666 335 714 pecuniae
377 666 460 705 loco
502 666 635 714 datur,
669 666 736 704 sed
767 677 847 704 rem
878 666 1133 714 utilissimam,
1164 666 1257 704 nihil
1287 667 1463 715 amplius,
1496 671 1541 705 ut

158 733 330 772 Kritzius
360 734 408 771 ad
431 733 584 772 Sallust.
619 734 704 781 Iug.
728 735 794 772 81.
819 735 927 772 docet
947 746 969 771 a
989 734 1122 772 Tacito
1153 734 1227 772 dici
1246 733 1362 782 (Anu.
1394 734 1446 782 II,
1471 736 1536 773 35.

154 800 230 839 Res
250 812 296 839 eo
332 813 428 839 anno
458 802 623 849 prolatas
646 802 747 839 haud
776 800 973 849 referrem,
1008 801 1047 838 ni
1071 802 1236 849 pretium
1262 800 1362 839 foret
1384 801 1453 840 Cn.
1475 802 1539 840 Pi-

154 869 258 906 sonis
288 873 327 907 et
356 870 482 907 Asinii
504 869 602 908 Galli
632 880 747 917 super
778 880 824 906 eo
855 869 1009 916 negotio
1040 868 1207 906 diversas
1237 870 1444 907 sententias
1473 881 1538 907 no-

154 947 271 974 scere.
305 937 344 985 I,
380 939 447 974 57.
481 935 705 974 Germanico
734 936 901 984 pretium
933 935 1005 973 fuit
1035 941 1253 974 convertere
1284 937 1456 986 agmen),
1498 943 1540 975 ut

148 1005 342 1046 sententia
372 1004 465 1054 haec
499 1004 571 1042 sit:
605 1004 812 1042 simulando
844 1003 955 1052 effici,
988 1008 1031 1041 ut
1060 1005 1119 1041 vir
1139 1004 1163 1041 i.
1187 1016 1219 1042 e.
1243 1014 1349 1042 amor
1373 1005 1444 1042 viri
1476 1016 1537 1043 res

150 1071 352 1109 utilissima
365 1072 412 1109 sit
424 1075 462 1108 et.
475 1072 818 1118 quaestuosissima.
833 1072 929 1117 Nam
942 1063 1033 1108 illud
1051 1072 1200 1119 quidem
1218 1072 1364 1119 pridem
1378 1076 1416 1109 et
1431 1077 1536 1111 recte

150 1143 398 1177 memoratum
426 1143 494 1182 est,
518 1139 696 1176 simulare
717 1138 836 1176 virum
858 1139 888 1176 si
912 1139 996 1186 quis
1017 1140 1096 1186 ipse
1127 1139 1198 1176 viri
1218 1141 1380 1187 speciem
1401 1140 1533 1178 indue-

150 1210 231 1252 ret;
263 1210 302 1243 at
321 1217 390 1244 nec
413 1206 639 1253 simpliciter
669 1206 847 1251 simulare
878 1210 1034 1254 praeter
1064 1206 1375 1244 consuetudinem
1398 1207 1537 1244 dicitur

117 1261 120 1264 ”
150 1284 219 1311 nec
241 1273 329 1321 quid
353 1274 404 1311 sit
423 1272 671 1310 simulandum
689 1273 968 1311 hic‘obscurum
988 1284 1073 1311 esse
1095 1276 1235 1321 potest,
1254 1285 1338 1311 cum
1359 1274 1396 1311 id
1413 1274 1535 1323 ipsum

150 1340 278 1378 multis
301 1340 365 1387 qui
384 1343 594 1388 sequuntur
624 1340 796 1378 versibus
818 1340 1039 1388 explicetur.
1074 1340 1250 1378 Simulari
1272 1345 1425 1389 oportet
1444 1352 1534 1380 cau-

150 1419 211 1446 sas
232 1408 413 1446 amatoris
443 1407 657 1456 diripiendi,
690 1408 754 1456 qui
784 1419 857 1456 quo
888 1408 1008 1456 magis
1028 1407 1237 1456 differatur,
1268 1419 1312 1447 eo
1333 1409 1532 1447 vehemen-

150 1476 226 1513 tius
247 1475 481 1524 exardescat,
514 1487 588 1525 quo
620 1476 739 1524 magis
769 1476 915 1523 ardeat,
948 1487 992 1513 eo
1022 1476 1133 1524 plura
1164 1475 1254 1514 dare
1285 1480 1440 1525 paratus
1460 1478 1530 1525 sit3

149 1543 278 1592 itaque
299 1543 531 1581 simulandae
562 1544 655 1592 irae,
688 1543 859 1591 sabbata,
892 1543 1051 1590 natales,
1084 1544 1232 1582 aemuli.
1259 1543 1409 1592 Quibus
1429 1556 1533 1594 prae-

150 1611 269 1659 ceptis
290 1614 438 1649 tantum
458 1611 567 1649 abest
588 1614 629 1649 ut
650 1611 849 1659 superiore
871 1610 1056 1649 disticho:

266 1742 412 1792 Sperne
432 1742 557 1792 fidem,
581 1743 756 1791 provolve
777 1743 882 1792 deos,
904 1744 1098 1781 mendacia
1118 1744 1291 1783 vincant!

322 1817 470 1865 Frange
492 1821 531 1854 et
552 1817 753 1855 damnosae
775 1818 861 1855 iura
879 1817 1102 1866 pudicitiae!

147 1952 336 2000 generalis
357 1954 482 1991 nescio
504 1964 599 2000 quae
629 1954 848 2002 praeceptio
878 1954 1158 2002 praemittatur,
1190 1954 1228 1991 in
1251 1966 1323 2002 qua
1345 1967 1441 2003 quae
1473 1968 1532 1995 se-

149 2025 313 2069 quuntur
335 2021 408 2058 sint
434 2021 571 2069 posita,
593 2025 636 2059 ut
656 2022 776 2060 omnis
798 2021 905 2069 quasi
926 2021 1084 2059 rationis
1104 2021 1168 2059 illa
1187 2033 1262 2059 una
1281 2033 1371 2070 pars
1392 2024 1454 2073 sit,
1477 2024 1531 2062 al-

146 2093 229 2127 tera
249 2101 271 2127 a
293 2101 346 2126 vs.
372 2091 437 2127 29.
462 2094 685 2137 exponatur.
718 2089 910 2128 Pudicitia
945 2090 1043 2127 enim
1075 2102 1159 2128 cum
1191 2102 1321 2128 earum
1352 2092 1403 2130 sit
1434 2104 1532 2141 quae

147 2160 213 2195 aut
233 2156 346 2194 nullis
368 2163 434 2195 aut
461 2157 615 2206 singulis
644 2158 877 2196 amatoribus
908 2161 1076 2205 utantur,
1108 2164 1151 2195 ut
1172 2170 1256 2196 mox
1287 2159 1377 2207 quid
1398 2160 1436 2198 in
1458 2161 1533 2199 sin-

145 2225 316 2273 gulorum
338 2236 463 2263 amore
485 2226 760 2264 observandum
784 2227 847 2272 sit,
869 2227 922 2263 ita
943 2226 1050 2274 prius
1071 2226 1156 2264 lena
1175 2228 1363 2275 praecipit
1383 2231 1426 2266 ut
1445 2229 1530 2278 plu-

146 2304 207 2331 res
226 2292 301 2330 viri
322 2296 495 2330 amentur
532 2293 700 2341 fidesque
732 2294 892 2331 amatori
925 2293 1012 2331 data
1044 2292 1207 2342 fallatur,
1240 2297 1353 2343 atque
1385 2307 1453 2344 per
1487 2300 1530 2334 et

147 2360 193 2398 ab
213 2373 287 2400 una
307 2360 355 2399 ad
376 2360 534 2398 alteram
557 2367 704 2409 partem
727 2373 817 2399 suae
845 2361 1065 2409 disciplinae
1095 2363 1389 2410 transgreditur.
1423 2364 1528 2402 Nihil

146 2429 243 2466 enim
266 2429 426 2468 interest
449 2432 573 2469 utrum
605 2434 782 2478 quaestus
811 2440 922 2468 causa
951 2429 1076 2477 puella
1105 2430 1281 2469 iubeatur
1312 2431 1449 2480 aliquid
1472 2431 1527 2470 fa-

1301 2507 1316 2523 *
