1862 2676
923 76 1142 113 ..78-

339 189 442 229 aliud
463 201 701 240 quaeramus.
723 189 814 229 Tale
840 189 939 229 enim
965 202 1117 233 carmen
1143 195 1183 229 et
1203 190 1251 236 X,
1272 190 1341 238 IX,
1363 189 1432 238 IV,
1455 190 1503 229 II.
1527 194 1587 228 est
1607 189 1729 228 simile

339 266 379 296 et
409 270 521 307 quam
552 258 653 308 quod
685 259 846 297 maxime
883 259 965 297 eius
1001 260 1064 308 qui
1101 270 1210 298 sacra
1245 259 1403 309 diesque
1438 262 1478 297 et
1507 258 1730 306 cognomina

340 328 463 375 prisca
484 327 652 365 locorum
673 327 786 365 canit.
816 327 860 366 ld
881 333 1006 366 autem
1030 339 1116 366 cum
1136 331 1222 376 post
1241 327 1280 365 id
1302 334 1451 376 tempus
1467 326 1587 375 possit
1608 327 1729 375 scrip-

337 400 419 433 tum
450 407 534 433 esse
570 407 643 444 quo
675 394 859 434 Sicambri
890 395 1017 445 pacati
1053 399 1163 443 sunt,
1196 406 1243 434 ex
1273 400 1487 445 temporum
1518 394 1729 434 rationibus

339 463 431 501 nihil
453 465 577 511 promi
598 476 708 513 posse
729 470 902 514 apertum
918 450 987 504 ⁸est
1013 477 1087 514 quo
1112 467 1187 503 duo
1212 476 1294 503 esse
1320 466 1498 513 carmina,
1522 476 1592 502 non
1614 475 1727 502 unum

336 532 614 579 comprobetur.
638 532 711 570 Sed
733 544 778 570 ne
801 533 848 571 X.
868 538 906 571 et
927 533 995 571 IV.
1015 533 1166 583 quidem
1188 533 1307 581 elegia
1328 533 1530 582 quidquam
1552 531 1727 580 efficitur,

337 600 409 637 etsi
437 602 502 647 10,
530 602 564 638 1.

514 706 621 745 Nunc
644 707 743 745 Iovis
765 707 943 758 incipiam
966 719 1097 746 causas
1119 708 1268 756 aperire
1290 708 1452 757 Feretri,
1472 730 1526 735 —

336 808 375 841 et
400 806 439 852 4,
467 804 501 841 1.

511 901 710 949 Tarpeium
735 914 865 939 nemus
896 907 935 939 et
955 902 1140 950 Tarpeiae
1162 907 1270 949 turpe
1292 901 1509 959 sepulcrum

571 969 700 1006 Fabor
722 992 775 997 -—

335 1066 447 1103 huius
489 1066 631 1114 elegiae
669 1067 796 1104 versui
838 1069 901 1104 ll.
942 1066 1056 1104 Musa
1095 1067 1259 1104 Palatini
1301 1066 1508 1104 referemus
1545 1065 1729 1114 Apollinis

336 1134 493 1181 aedem3
516 1156 570 1162 —-
599 1136 662 1183 10,
687 1136 754 1173 45.
778 1146 808 1173 s.

452 1240 488 1278 N
493 1252 563 1278 unc
585 1241 702 1289 spolia
723 1241 758 1277 in
781 1241 923 1289 templo
945 1241 1021 1278 tria
1043 1240 1215 1278 condita:
1238 1251 1351 1279 causa
1373 1240 1523 1278 Feretri

509 1308 644 1347 Omine
667 1309 767 1357 quod
788 1313 892 1347 certo
914 1308 989 1346 dux
1010 1308 1101 1347 ferit
1121 1321 1210 1347 ense
1232 1308 1365 1347 ducem
1388 1330 1443 1335 —-

336 1410 375 1444 et
398 1408 437 1455 4,
463 1407 529 1444 93.

513 1504 546 1541 A
568 1503 662 1541 duce
682 1503 842 1551 Tarpeio
864 1515 968 1541 mons
991 1506 1050 1541 est
1071 1514 1275 1551 cognomen
1297 1502 1456 1551 adeptus
1473 1524 1520 1529 —

333 1610 449 1647 huius
469 1610 597 1647 versui
622 1611 687 1647 67.
701 1611 836 1647 Actius
857 1610 945 1647 hinc
966 1610 1082 1647 traxit
1103 1609 1281 1647 Phoe-bus
1302 1611 1544 1646 monumenta
1564 1610 1654 1645 cett.
1671 1628 1722 1634 —

336 1677 537 1716 admodum
559 1677 699 1715 similes
722 1688 803 1715 esse
824 1684 995 1725 apparet.
1019 1676 1118 1724 Quid
1140 1677 1268 1715 enim?
1289 1688 1376 1715 num
1394 1675 1571 1714 similium
1590 1674 1726 1712 carmi-

336 1758 424 1783 num
456 1745 594 1783 similia
624 1746 787 1783 omnium
820 1746 975 1783 exordia
1006 1750 1093 1783 sunt
1119 1745 1176 1782 vel
1208 1745 1428 1783 clausulae?
1453 1766 1503 1771 —
1539 1744 1594 1781 Ne
1625 1743 1724 1791 apud

334 1814 581 1861 Propertium
604 1813 771 1862 quidem,
793 1814 899 1851 cuius
922 1813 990 1861 IV,
1012 1815 1046 1850 2.
1071 1813 1119 1851 ab
1140 1812 1436 1860 interrogatione
1454 1811 1607 1859 incipit:

480 1919 578 1967 Quid
601 1920 740 1958 mirare
761 1931 862 1957 meas
884 1924 942 1957 tot
961 1920 999 1956 in
1021 1930 1096 1956 uno
1119 1929 1278 1966 corpore
1303 1917 1475 1956 formas?
1499 1939 1548 1946 —

335 2030 374 2063 et
395 2026 431 2063 in
456 2025 636 2063 Mamurii
657 2025 815 2064 artificis
837 2025 1065 2063 mentionem
1087 2025 1244 2063 desinit:

451 2133 502 2169 At
523 2132 605 2177 tibi,
628 2131 807 2178 Mamuri,
830 2130 974 2169 formae
997 2131 1164 2169 caelator
1185 2130 1328 2169 ahenae

509 2200 636 2238 Tellus
657 2199 825 2238 artifices
847 2211 893 2236 ne
914 2203 1015 2237 terat
1036 2199 1133 2238 Osca
1153 2212 1297 2246 manus,

451 2265 521 2313 Qui
543 2279 601 2305 me
624 2273 699 2305 tam
716 2267 849 2321 docilis
867 2267 1017 2315 potuisti
1041 2267 1198 2306 fundere
1215 2268 1253 2305 in
1270 2279 1373 2306 usus.

509 2335 631 2384 Unum
654 2347 746 2384 opus
768 2339 839 2383 est,
862 2336 969 2383 operi
992 2347 1063 2373 non
1086 2337 1199 2374 datur
1221 2348 1316 2374 unus
1338 2337 1470 2373 honos.
1495 2357 1550 2362 —

333 2437 402 2486 IV,
427 2439 464 2476 9.
488 2437 559 2475 etsi
582 2437 819 2475 concluditur
840 2437 1027 2486 similiter,
1056 2438 1103 2476 ab
1130 2438 1212 2486 ipsa
1234 2441 1359 2477 tamen
1383 2437 1599 2475 narratione
1620 2434 1723 2473 ordi-
