1862 2676
786 112 1014 151 -97-

156 207 157 210 Ἴ
211 227 250 264 et
259 225 310 275 ΙΙ,
324 225 439 274 8,]3.
452 237 504 265 ss.
526 225 630 275 Ergo
651 237 720 275 ego
739 219 818 265 tam
838 226 979 266 multos
999 227 1155 266 nimium
1176 225 1406 266 temerarius
1425 236 1555 276 annos,

422 327 427 330 .
469 293 645 342 Improba
664 294 729 343 qui
748 294 900 333 tulerim
919 298 1031 343 teque
1054 299 1230 344 tuamque
1251 294 1414 343 domum,

411 361 663 410 Ecquandone
682 361 755 401 tibi
774 361 875 401 liber
895 373 977 401 sum
998 363 1130 402 visus?
1151 384 1206 391 —

156 447 159 453 '
209 461 249 496 et
270 457 327 503 -II,
358 459 395 506 9,
422 460 488 497 25.
521 457 626 497 Haec
646 459 738 497 mihi
759 461 848 496 vota
868 462 973 497 tuam
993 464 1154 507 propter
1174 462 1351 507 suscepta
1370 460 1544 509 salutem,

470 524 564 563 Cum
576 526 700 573 capite
710 525 783 563 hoc
795 525 947 574 Stygiae
958 526 1034 564 iam
1043 528 1272 573 poterentur
1282 537 1403 574 aquae
1411 539 1481 574 —3

208 625 247 661 et
266 622 317 672 H,
342 624 408 672 21,
430 623 494 660 19.
517 620 598 661 Nos
620 633 844 671 quocunque
865 622 960 670 loco,
982 633 1049 661 nos
1071 622 1171 660 omni
1192 625 1364 671 tempore
1385 626 1511 662 tecum

468 689 553 729 Sive
574 701 693 739 aegra
711 690 858 739 pariter
879 691 959 729 sive
979 690 1128 729 valente
1149 702 1278 729 sumus
1301 712 1367 729 —.

207 806 288 846 Nec
318 807 500 846 dissimile
530 811 603 857 est,
636 807 737 857 quod
767 808 797 857 Ι,
824 810 889 858 11,
915 810 980 847 21.
1006 820 1036 847 s.
1069 808 1142 847 sibi
1174 807 1381 858 Cynthiam
1411 807 1600 847 cariorem

208 887 321 925 quam
341 879 520 925 parentes
541 876 595 914 ait
616 887 712 924 esse,
734 873 938 925 postquam
959 880 1045 915 ante
1067 888 1145 914 >non
1166 880 1242 915 tam
1263 876 1397 915 violari
1419 875 1530 915 fidem
1551 875 1599 914 ab

205 943 272 982 illa
292 954 404 992 quam
424 955 463 982 se
485 954 532 982 ne
552 944 762 981 violaretur
785 946 957 981 metuere
984 943 1203 982 declaravit.
1244 943 1426 992 Idemque
1451 954 1492 982 se
1519 954 1600 982 ser-

206 1014 382 1050 vaturum
397 1010 510 1050 fidem
531 1014 738 1060 asseverat,
759 1014 960 1061 postquam
977 1023 1025 1050 ne
1041 1010 1245 1050 Caesarem
1261 1012 1414 1061 quidem
1428 1011 1478 1051 ad
1493 1023 1599 1051 suam

208 1079 460 1117 constantiam
480 1078 684 1117 tollendam
706 1080 800 1117 satis
821 1079 947 1118 valere
967 1078 1173 1118 affirmavit
1192 1079 1247 1128 ΙΙ,
1269 1082 1306 1128 7,
1332 1081 1370 1118 7.
1394 1091 1424 1118 s.

408 1174 504 1213 Nam
526 1174 637 1213 citius
656 1179 811 1222 paterer
832 1178 948 1224 caput
966 1175 1040 1213 hoc
1061 1175 1255 1213 discedere
1276 1174 1385 1222 collo,

467 1241 586 1290 Quam
607 1252 755 1290 possem
776 1243 916 1289 nuptae
936 1241 1099 1290 perdere
1119 1252 1251 1280 amore
1271 1240 1393 1290 faces;

205 1344 246 1379 at
271 1351 441 1379 servasse
467 1339 568 1382 olim,
599 1342 797 1388 postquam
822 1338 1024 1388 perfidiam
1049 1339 1122 1377 sibi
1147 1350 1171 1377 a
1197 1338 1364 1388 Cynthia
1386 1338 1499 1379 obiici
1520 1351 1599 1379 me-

204 1408 380 1456 moravit,
402 1407 454 1457 II,
478 1409 546 1456 20,
570 1409 613 1455 9;
644 1413 845 1456 postquam
870 1406 1011 1445 aemuli
1037 1407 1084 1445 de
1105 1406 1179 1445 fide
1199 1407 1366 1446 detraxit
1385 1407 1435 1457 II,
1459 1410 1527 1458 25,
1553 1410 1597 1457 93

204 1476 272 1515 ubi
291 1477 374 1525 ipse
393 1475 482 1514 fidei
502 1479 542 1513 et
560 1475 682 1513 amori
702 1475 941 1513 renunciavit
962 1474 1031 1523 III,
1052 1476 1119 1522 25,
1141 1475 1192 1513 in.
1224 1474 1299 1513 Sed
1320 1479 1446 1514 tamen
1462 1480 1521 1515 est
1540 1476 1597 1516 lo-

206 1555 274 1583 cus
298 1543 389 1582 huic
414 1543 498 1582 loco
524 1542 725 1581 admodum
750 1542 885 1581 similis
917 1542 948 1592 Ι,
972 1544 1011 1592 8,
1035 1544 1117 1591 21.,
1150 1541 1217 1581 ubi
1242 1543 1315 1581 etsi
1341 1543 1388 1582 de
1414 1554 1461 1583 ea
1484 1555 1599 1594 quam

205 1614 426 1650 servaturus
447 1611 498 1649 sit
517 1610 606 1659 fide,
627 1622 700 1649 non
721 1611 768 1649 de
789 1622 833 1649 ea
854 1622 967 1659 quam
992 1611 1156 1649 servarit
1179 1611 1365 1660 loquitur:

409 1718 507 1758 Nam
527 1730 588 1757 me
608 1729 682 1759 non
702 1717 803 1756 ullae
822 1720 1003 1767 poterunt
1023 1729 1268 1767 corrumpere
1288 1717 1423 1758 taedae

467 1785 565 1834 Quin
586 1797 654 1835 ego
674 1786 753 1825 vita
774 1791 838 1826 tuo
858 1786 985 1826 limine
1006 1798 1098 1826 vera
1120 1798 1257 1837 querar
1277 1789 1367 1826 cett.
1392 1809 1447 1815 —

206 1893 348 1941 excipit
367 1895 493 1931 tamen
515 1893 608 1931 haec
628 1891 717 1931 fidei
742 1893 972 1932 asseveratio
998 1894 1158 1932 similem
1183 1893 1409 1942 ignoscentis
1431 1894 1595 1933 clemen-

205 1960 331 2010 tisque
352 1961 468 2000 animi
488 1960 797 1999 declarationem:

314 2069 378 2106 17.
409 2068 482 2108 Sed
504 2080 726 2118 quocunque
747 2069 856 2108 modo
877 2069 924 2108 de
945 2080 1018 2115 me,
1041 2069 1207 2118 periura,
1228 2068 1399 2117 mereris,

469 2136 528 2175 Sit
549 2136 708 2176 Galatea
728 2141 818 2175 tuae
840 2149 913 2176 non
933 2138 1057 2176 aliena
1077 2138 1174 2186 viae,

410 2204 462 2243 Ut
482 2208 519 2243 te
539 2204 642 2244 felici
662 2208 867 2255 praevecta
887 2204 1078 2245 Ceraunia
1098 2216 1203 2245 remo

465 2273 646 2321 Accipiat
664 2273 824 2322 placidis
845 2273 983 2313 Oricos
1002 2274 1229 2323 aequoribus
1249 2295 1304 2301 —

205 2382 248 2419 ut
266 2391 363 2419 unus
382 2379 488 2419 locus
509 2380 631 2420 altero
653 2381 700 2420 ab
722 2381 823 2420 omni
844 2381 1061 2431 suspicione
1083 2382 1175 2422 satis
1193 2380 1428 2421 defendatur.
1450 2379 1504 2419 At
1523 2390 1593 2430 per

207 2448 507 2497 desperationem
528 2460 550 2487 a
571 2448 732 2497 perfidia
751 2450 798 2489 ad
819 2449 931 2488 fidem
952 2451 1138 2490 transitur
1158 2450 1208 2499 H,
1233 2452 1271 2500 9,
1297 2451 1364 2489 38.
1384 2460 1434 2488 SS.

1342 2524 1359 2551 7
