1862 2676
883 51 1111 89 ..40-

420 166 590 215 Ossaque
610 165 738 215 legisti
757 176 833 205 non
852 165 919 205 illa
939 159 1065 205 aetate
1085 165 1246 215 legenda
1282 201 1283 204 ,
1324 192 1327 194 -

477 234 608 272 Patris
626 255 681 262 —-
1199 248 1202 250 ’

303 351 392 400 quia
411 350 490 389 illic
509 362 586 390 non
607 351 809 398 sepultum,
837 351 898 389 hic
925 349 1117 400 sepultum
1143 362 1224 390 esse
1250 363 1336 391 eum
1363 351 1427 399 qui
1453 342 1623 398 mortuus
1645 350 1695 389 sit
1728 335 1731 341 ’

302 418 530 458 declaratur.
560 419 612 459 Ut
633 419 731 457 enim
762 419 834 458 hoc
866 419 1128 469 concedamuS,
1150 430 1236 458 ossa
1264 420 1393 470 legere
1425 419 1586 458 alicuius
1607 429 1691 457 eum

302 488 367 535 qui
388 499 501 535 quem
520 491 641 525 morte
663 487 834 526 amiserit
854 499 963 535 posse
985 488 1072 535 dici,
1095 490 1139 525 ut
1154 488 1288 526 mortis
1307 487 1427 536 magis
1443 498 1555 535 quam
1572 485 1694 534 sepul-

301 558 412 592 turae
434 554 622 593 habeatur
643 555 755 603 ratio,
782 558 821 593 at
848 556 913 604 qui
944 555 1114 604 sepultus
1140 567 1214 593 non
1244 558 1316 605 est,
1352 555 1432 594 eius
1458 557 1563 592 certe
1583 563 1693 591 nemo

303 621 378 661 dici
404 624 547 672 poterit
578 635 663 662 ossa
689 624 841 673 legisse,
873 625 1099 673 praesertim
1125 636 1148 662 a
1174 626 1272 673 vate,
1300 624 1366 672 qui
1396 622 1429 662 si
1453 622 1525 661 hoc
1551 622 1695 660 diceret

302 691 385 740 ipse
408 691 481 730 sibi
502 703 545 730 eo
567 703 714 731 omnem
735 692 849 731 fidem
883 692 1082 731 adimeret.
1125 691 1209 731 Nec
1234 692 1385 741 gravius
1411 684 1481 739 est,
1509 690 1607 740 quod
1628 701 1693 728 ne-

302 763 367 808 gat
387 760 523 800 cadere
545 761 584 799 in
603 761 846 810 Propertium
869 773 965 811 quae
986 762 1161 800 dicantur
1182 773 1255 801 vss.
1283 764 1363 801 128
1383 783 1435 790 -
1458 763 1552 800 131.

684 882 722 916 et
742 878 779 916 in
801 882 935 917 tenues
957 877 1105 927 cogeris
1125 878 1205 927 ipse
1227 877 1358 918 Lares.

421 943 518 981 Nam
539 948 604 982 tua
624 956 712 982 cum
732 946 842 983 multi
863 949 1059 984 versarent
1079 957 1170 983 rura
1189 945 1351 992 iuvenci,

477 1010 650 1049 Abstulit
670 1011 839 1050 excultas
860 1013 1009 1060 pertica
1030 1013 1152 1050 tristis
1175 1023 1266 1060 opes
1291 1034 1337 1039 —

306 1127 395 1175 quia
415 1127 478 1165 ille
500 1139 568 1166 nec
594 1132 781 1176 queratur
808 1140 968 1177 usquam
1000 1130 1046 1167 de
1077 1129 1225 1167 iactura
1256 1129 1440 1167 bonorum
1471 1132 1510 1166 et
1538 1139 1694 1177 parvam

305 1195 378 1234 sibi
399 1194 587 1234 fortunam
610 1197 781 1235 relictam
805 1208 888 1236 esse
910 1196 1137 1236 testificetur
1157 1197 1207 1246 II,
1233 1199 1299 1245 34,
1329 1197 1393 1234 55.
1418 1208 1450 1234 s.

421 1303 560 1351 Aspice
582 1314 642 1340 me
665 1304 724 1341 cui
748 1315 866 1350 parva
888 1303 988 1341 domi
1010 1303 1162 1342 fortuna
1182 1303 1316 1341 relicta
1338 1308 1394 1341 est

478 1370 616 1408 Nullus
637 1377 677 1408 et
696 1372 852 1419 antiquo
875 1372 1002 1409 Marte
1025 1371 1240 1420 triumphus
1262 1371 1333 1409 avi.

306 1488 413 1537 Quae
440 1498 552 1536 quam
584 1488 676 1525 nihil
709 1488 859 1526 valeant
890 1487 1001 1527 facile
1033 1492 1191 1537 apparet
1224 1488 1255 1526 si
1288 1487 1480 1526 Tibullum
1506 1487 1692 1536 conferas,

305 1557 371 1605 qui
392 1556 483 1595 item
515 1556 782 1604 patrimonium
809 1557 1086 1605 proscriptione
1113 1557 1351 1594 imminutum
1378 1567 1452 1593 uua
1477 1559 1624 1594 tantum
1654 1556 1693 1593 in

306 1625 428 1673 elegia
451 1625 645 1675 queritur:
1702 1620 1705 1623 ’

306 1741 336 1790 I,
365 1743 399 1790 1,
427 1743 488 1780 19.
513 1741 595 1780 Vos
617 1753 766 1789 quoque
788 1740 910 1780 felicis
932 1741 1119 1790 quondam
1141 1752 1237 1778 nuuc
1258 1741 1439 1789 pauperis
1461 1742 1543 1789 agri

577 1808 763 1848 Custodes
785 1809 892 1848 sertis
912 1821 1070 1848 munera
1091 1813 1217 1848 vestra
1237 1809 1368 1847 Lares.

514 1877 618 1915 Tunc
639 1877 759 1915 vitula
778 1877 992 1914 innumeros
1012 1876 1200 1915 lustrabat
1220 1887 1333 1914 caesa
1353 1876 1554 1915 iuvencos:

576 1945 687 1983 Nunc
710 1956 806 1993 agna
827 1945 952 1994 exigui
976 1948 1034 1982 est
1055 1944 1182 1982 hostia
1201 1955 1320 1993 parva
1341 1944 1421 1982 soli.

347 2033 398 2070 ib.
424 2035 490 2070 41.
514 2032 600 2071 Non
622 2043 691 2080 ego
715 2032 866 2069 divitias
886 2037 1035 2080 patrum
1055 2030 1274 2080 fructusque
1295 2032 1460 2080 requiro,

576 2100 677 2148 Quos
698 2100 788 2138 tulit
808 2100 964 2149 antiquo
986 2100 1138 2139 condita
1159 2100 1292 2138 messis
1313 2112 1381 2138 avo
1398 2122 1454 2127 —

305 2217 477 2265 quamvis
498 2220 625 2256 autem
652 2217 744 2255 illud
767 2221 869 2255 esset
895 2217 1093 2265 minutum,
1125 2219 1272 2254 tantum
1298 2221 1424 2255 tamen
1455 2216 1627 2265 retinuit,
1651 2218 1694 2254 ut

304 2289 343 2323 et
363 2285 445 2332 ipse
467 2296 505 2322 se
529 2285 621 2323 satis
647 2285 787 2323 habere
818 2285 856 2323 in
879 2284 1108 2323 carminibus
1139 2285 1215 2322 suis
1243 2284 1481 2333 testificetur,
1509 2288 1548 2322 et
1568 2284 1692 2322 Hora-

304 2353 380 2391 tius
402 2352 526 2401 Epist.
549 2352 579 2401 Ι,
603 2355 641 2401 4,
669 2355 733 2391 11.
762 2353 942 2391 mundum
972 2353 1110 2391 victum
1137 2364 1211 2390 non
1236 2352 1434 2391 deficiente
1459 2363 1637 2391 crumena
1657 2351 1692 2389 ei

304 2422 459 2459 tribuat.
484 2419 585 2467 Quot
605 2424 729 2457 autem
751 2421 923 2458 homines
950 2420 1013 2458 illo
1039 2424 1207 2468 tempore
1234 2419 1413 2468 agrorum
1445 2418 1692 2457 divisionibus
