1862 2676
772 56 1015 106 —17—⁴

194 169 334 215 librum
355 171 547 219 quartum,
569 179 645 209 non
664 170 839 220 quintum
858 169 1090 218 vocavimus,
1105 172 1145 209 et
1163 169 1205 208 in
1224 166 1401 208 versibus
1413 166 1582 218 Proper-

196 237 311 278 tianis
330 237 528 278 laudandis
548 237 688 288 ubique
704 238 878 277 *numeris
897 237 1212 294 Hertabergianis
1232 240 1396 276 utemur.

281 305 394 347 Nunc
415 305 462 344 de
482 308 636 344 auctore
656 307 737 345 eius
763 306 890 354 quarti
907 303 998 344 libri·
1013 309 1154 344 ‘contra
1174 304 1388 344 Caruttium
1408 304 1486 343 erit
1503 304 1581 343 dis-

193 371 415 422 putandum.
445 370 707 421 Quitprimum
731 383 817 422 pag.
846 366 1002 411 XXXV.
1028 372 1067 409 in
1093 382 1139 409 ea
1168 371 1447 420 dissertatione,
1469 381 1583 420 quam

194 440 242 480 de
262 440 343 479 vita
364 444 403 479 et
426 440 658 489 carminibus
683 440 879 489 Propertii
904 439 996 490 ipsis
1022 439 1152 488 elegiis
1171 439 1386 489 praemisit,
1411 443 1583 479 octavam

194 507 354 556 elegiam
388 511 426 546 et
456 507 639 556 disiungit
668 508 707 546 in
740 508 834 546 duas
864 510 1005 555 partes,
1037 518 1200 555 quarum
1231 517 1340 544 unam
1372 506 1583 546 Draconem

194 575 367 623 Lanuvii,
390 575 549 614 alteram
569 575 703 614 Rixam
718 574 905 624 inscribit,
927 578 966 613 et
981 578 1179 624 utramque
1194 574 1396 623 Propertio
1411 575 1580 624 abrogat.

196 644 249 681 At
269 654 336 681 cur
357 642 550 693 disiungat
570 654 654 682 cum
675 653 748 681 non
768 642 885 681 verbo
902 641 1098 691 significet,
1116 642 1219 691 quod
1239 641 1425 680 diluamus
1438 643 1497 681 vel
1519 653 1581 681 re-

194 709 365 750 fellamus
386 710 480 749 nihil
495 711 698 758 habemus3
721 701 870 750 tantum
885 696 1148 759 memoramus,
1172 721 1258 748 cum
1279 708 1445 748 abfuisse
1461 710 1582 749 Roma

194 777 398 827 Cynthiam
422 783 617 828 narretur,
650 789 719 817 cur
745 777 910 815 abfuerit
945 778 1139 826 aptissime
1166 778 1288 815 videri
1311 781 1398 816 ante
1429 779 1581 826 aperiri,

193 857 355 894 eumque
377 857 506 884 rerum
528 848 745 884 contextum
766 844 920 883 defendi
939 845 1062 893 primo
1084 844 1264 883 disticho:

308 950 422 988 Disce
443 950 535 998 quid
555 950 746 997 Esquilias
767 950 838 989 hac
858 954 971 989 nocte
991 949 1131 999 fugarit
1152 962 1330 1000 aquosas,

396 1016 491 1056 Cum
513 1017 637 1056 vicina
658 1018 765 1056 novis
786 1018 900 1056 turba
919 1019 1090 1057 cucurrit
1110 1019 1211 1066 agris
1234 1039 1286 1047 —

192 1123 294 1173 quod
325 1123 389 1162 ille
420 1124 457 1161 in
488 1124 638 1163 initium
669 1135 786 1163 novae
817 1135 928 1173 quam
949 1123 1041 1163 facit
1061 1124 1204 1174 elegiae
1234 1124 1428 1173 transfert,
1460 1128 1502 1163 ut
1531 1126 1582 1164 sit

191 1196 281 1231 ante
302 1203 359 1231 vs.
385 1193 450 1231 27.

310 1287 407 1327 Cum
428 1287 538 1327 fieret
557 1292 687 1327 nostro
709 1289 823 1327 toties
843 1289 983 1328 iniuria
1001 1289 1114 1327 lecto.
1138 1311 1194 1318 ——

192 1394 367 1443 Accedit,
383 1395 424 1433 id
446 1394 545 1442 quod
561 1393 862 1433 Luettiohannes
873 1394 1032 1444 profert,
1050 1399 1093 1433 ut
1108 1407 1204 1444 quae
1219 1396 1347 1444 priore
1368 1400 1473 1445 parte
1493 1408 1579 1435 nar-

192 1465 325 1500 rantur
347 1473 478 1500 eorum
498 1461 565 1501 fiat
585 1461 726 1500 mentio
747 1473 800 1501 vs.
825 1464 891 1502 48.

307 1544 469 1595 Lanuvii
490 1557 538 1596 ad
558 1562 687 1606 portas
707 1558 770 1597 hei
789 1558 882 1596 mihi
903 1558 1005 1596 solus
1027 1569 1144 1597 eram.
1162 1578 1166 1581 -

192 1664 395 1703 Abiudicat
414 1668 542 1703 autem
561 1676 584 1703 a
603 1665 802 1714 Propertio
827 1665 992 1714 priorem
1011 1670 1157 1714 partem
1182 1670 1339 1715 propter
1363 1667 1573 1706 obscurita-

190 1735 263 1782 tes,
286 1736 329 1772 ut
349 1734 415 1784 ait,
442 1737 480 1773 et
504 1733 715 1773 locutiones
741 1734 958 1773 invenustas
985 1738 1024 1772 et
1049 1738 1213 1784 coactas,
1240 1735 1398 1774 alteram
1418 1735 1517 1785 quod
1539 1740 1577 1776 et
1610 1725 1623 1739 ⁰

191 1811 287 1848 quae
318 1806 526 1841 narrentur
555 1813 578 1839 a
611 1802 797 1851 Cynthiae
827 1813 989 1851 persona
1018 1802 1249 1841 abhorreant
1278 1806 1319 1841 et
1342 1803 1577 1853 Lygdamum

189 1878 237 1906 ex
256 1868 326 1917 III,
351 1872 388 1908 5.
413 1870 598 1920 Cynthiae
623 1881 777 1909 servum
802 1869 919 1909 fuisse
947 1873 1107 1919 constet,
1135 1874 1178 1909 ut
1202 1881 1272 1910 cur
1296 1871 1357 1911 hic
1382 1873 1576 1922 Propertii

188 1936 241 1975 sit
261 1937 413 1976 adiutor
434 1949 506 1977 non
525 1938 773 1987 intelligatur,
793 1942 831 1977 et
852 1938 954 1987 quod
972 1938 1194 1988 Propertius
1216 1939 1280 1988 qui
1299 1951 1416 1989 eques
1437 1941 1574 1980 Roma-

189 2015 260 2043 nus
282 2016 356 2044 non
376 2005 505 2056 fuerit,
526 2005 623 2045 colla
639 2006 791 2055 obliqua
810 2005 858 2045 ad
880 2017 1062 2045 summum
1083 2006 1271 2046 theatrum
1287 2007 1479 2048 inflectere
1499 2021 1574 2049 non

189 2074 360 2121 potuerit
379 2075 514 2113 vetari.
538 2075 642 2123 Quas
665 2075 768 2113 dicat
788 2074 1053 2123 obscuritateS,
1073 2075 1243 2114 cernitur
1265 2087 1312 2115 ex
1331 2077 1391 2126 iis,
1414 2089 1510 2127 quae
1526 2079 1573 2117 ad

189 2140 314 2189 ipsum
334 2152 486 2180 carmen
507 2142 715 2182 adnotavit.
740 2141 958 2193 Caeterum,
979 2143 1112 2192 inquit,
1135 2154 1199 2182 sex
1219 2155 1395 2184 versuum
1412 2146 1451 2195 (3
1465 2168 1520 2174 —
1533 2148 1573 2196 8)

190 2220 324 2247 sensus
346 2210 530 2249 obscurus
551 2215 591 2249 et
610 2211 827 2260 implicatus
848 2214 918 2250 est.
945 2211 997 2250 At
1020 2212 1059 2249 in
1085 2211 1244 2260 reliquis
1269 2213 1434 2262 quinque
1454 2216 1572 2254 versi-

190 2276 260 2315 bus
277 2288 323 2315 ne
344 2277 574 2317 haesitatum
594 2279 747 2327 quidem
768 2278 878 2317 video
900 2279 947 2317 ab
969 2279 1272 2329 explicatoribus,
1295 2285 1430 2329 quarto
1450 2287 1574 2321 autem

190 2344 228 2382 in
249 2356 365 2384 versu
387 2346 458 2384 etsi
479 2349 536 2385 est
556 2346 800 2395 haesitatum,
823 2346 916 2385 satis
937 2349 1062 2385 tamen
1081 2347 1263 2396 proclivis
1285 2352 1343 2388 est
1363 2350 1574 2399 explicatio.

190 2411 288 2453 Illud
311 2414 409 2454 enim

1331 2485 1348 2512 2
