1862 2676
920 41 1155 95 -44-

340 171 699 210 commemoratione
720 172 833 210 simul
855 183 950 211 ansa
968 172 1178 221 praebetur
1206 173 1255 212 ad
1276 172 1478 213 Caesarem
1504 176 1731 222 gentemque

339 238 473 278 Iuliam
494 238 775 279 celebrandam.

425 306 500 345 Sed
526 318 730 356 pergamus
760 309 809 347 ad
841 309 1035 357 proximos
1066 319 1199 347 versus
1231 320 1325 357 quos
1345 308 1645 348 Luettiohannes
1665 321 1731 359 op-

337 377 494 424 pugnat.
516 374 613 415 Nam
633 375 671 415 in
693 387 730 426 p.
755 378 823 416 43.
847 389 919 416 vss.
946 378 1011 416 65.
1034 379 1074 420 et
1096 378 1163 417 66.

383 484 387 490 '
453 482 687 522 Scandentes
707 485 740 522 si
760 485 846 533 quis
868 488 998 523 cernet
1018 485 1066 522 de
1086 484 1246 523 vallibus
1267 496 1391 534 arces,

511 551 668 601 Ingenio
689 564 820 591 muros
841 537 1017 591 aestimet
1037 552 1102 591 ille
1123 564 1206 591 meo
1229 575 1284 580 —

336 657 480 697 idcirco
500 658 752 706 interpolatos
772 662 886 707 atque
907 670 954 697 ex
981 660 1075 697 125.
1098 670 1127 697 s.

453 765 754 813 Scandentisque
775 765 880 803 Asisi
901 765 1098 814 consurgit
1118 754 1260 804 vertice
1281 777 1427 814 murus,

510 833 647 872 Murus
667 834 715 872 ab
738 833 890 882 ingenio
913 834 1039 872 notior
1060 833 1124 872 ille
1145 837 1212 871 tuo
1238 854 1288 861 —-

337 950 536 987 expressos
567 944 700 988 putat,
732 940 821 989 quia
850 940 1071 979 hexametro
1101 940 1168 978 alti
1198 942 1346 978 montes
1377 938 1657 989 significentur,
1688 939 1728 977 in

336 1011 587 1055 pentametro,
616 1008 714 1056 quod
738 1008 786 1045 ad
807 1008 902 1045 altos
932 1012 1078 1045 montes
1110 1007 1201 1045 nihil
1226 1008 1388 1046 attineat
1417 1010 1555 1056 poetae
1575 1007 1726 1056 ingenio

333 1076 478 1124 augeri,
510 1076 638 1124 parvis
664 1075 711 1114 de
736 1076 930 1114 montibus
962 1075 1163 1124 cogitetur.
1198 1075 1251 1114 At
1281 1087 1348 1114 cur
1378 1075 1446 1114 alti
1476 1076 1653 1114 montes?
1686 1075 1727 1114 Si

333 1142 432 1181 forte
453 1148 613 1191 propter
640 1144 929 1182 scandentes:
957 1145 1028 1182 hoc
1056 1144 1173 1181 verbo
1204 1143 1306 1181 nulla
1335 1143 1554 1191 magnitudo
1579 1143 1726 1181 indica-

332 1213 408 1260 tur,
432 1211 499 1249 sed
521 1211 671 1250 scandit
692 1211 877 1260 quidquid
898 1223 974 1249 non
995 1211 1107 1259 iacet,
1139 1222 1273 1250 verum
1300 1215 1471 1249 erectum
1492 1214 1562 1260 est,
1585 1211 1665 1249 sive
1686 1210 1726 1249 id

333 1291 508 1328 magnum
530 1282 588 1317 est
609 1280 687 1317 sive
708 1291 879 1328 parvum.
903 1279 987 1318 Nec
1010 1279 1130 1327 magis
1156 1290 1316 1326 usquam
1336 1290 1474 1327 parvos
1496 1282 1644 1317 montes
1664 1279 1724 1316 vel

331 1358 459 1386 muros
481 1347 673 1397 designari
689 1347 875 1386 videmus.
894 1347 998 1397 Ergo
1018 1347 1090 1386 hoc
1113 1359 1226 1386 unum
1248 1347 1403 1396 dicitur,
1427 1347 1458 1386 si
1477 1347 1561 1397 quis
1576 1347 1726 1396 patriae

329 1416 522 1465 Propertii
543 1427 674 1453 muros
698 1416 839 1462 videat,
861 1417 894 1453 is
916 1427 981 1453 eos
1004 1420 1081 1454 tam
1103 1427 1259 1464 magnos
1277 1416 1335 1453 vel
1351 1415 1498 1453 nobiles
1514 1415 1724 1453 arbitretur

331 1495 443 1532 quam
465 1482 547 1521 eius
569 1483 761 1532 ingenium
784 1494 960 1531 magnum
992 1483 1053 1522 sit.
1087 1483 1270 1532 Magnum
1296 1486 1422 1521 autem
1448 1483 1520 1521 hoc
1547 1494 1630 1521 esse
1653 1483 1724 1521 etsi

329 1552 431 1589 haud
454 1551 568 1589 dubie
588 1557 703 1599 poeta
725 1552 871 1599 statuit,
900 1563 974 1589 non
996 1552 1057 1589 hic
1079 1557 1203 1589 tamen
1230 1551 1296 1589 sed
1319 1552 1584 1599 superioribus
1605 1552 1722 1589 versi-

329 1619 401 1656 bus
423 1618 601 1657 declarat.
625 1617 729 1666 Quae
757 1619 883 1657 omnia
909 1619 1056 1667 pridem
1079 1619 1173 1657 vidit
1199 1618 1478 1667 Hertzbergius
1505 1618 1724 1667 similesque
1795 1671 1798 1673 ¹

330 1687 398 1725 hos
421 1687 523 1725 locos
544 1687 722 1735 ascripsit
736 1699 743 1724 :

385 1794 555 1833 Martial.
583 1794 615 1843 I,
641 1796 708 1842 62,
733 1795 770 1833 3.
794 1793 983 1833 Censetur
997 1795 1133 1843 Apona
1152 1793 1262 1834 Livio
1284 1805 1353 1833 suo
1374 1794 1488 1833 tellus
1504 1817 1557 1823 —

328 1862 692 1910 Ovid.Am.III‚15,
707 1865 769 1900 13.
793 1862 920 1911 Atque
961 1862 1097 1911 aliquis
1138 1865 1314 1911 spectans
1350 1863 1490 1911 hospes
1527 1863 1718 1902 Sulmonis

1374 1931 1507 1980 aquosi

618 1999 773 2036 Moenia
793 2010 890 2047 quae
910 1999 1031 2047 campi
1052 1999 1185 2047 iugera
1205 2009 1326 2047 pauca
1341 2002 1486 2046 tenent,

559 2064 663 2114 Quae
684 2070 845 2115 tantum,
868 2066 982 2115 dicet,
1006 2066 1183 2115 potuistis
1199 2065 1298 2105 ferre
1319 2071 1485 2116 poetam,

616 2134 961 2183 Quantulacunque
991 2136 1102 2183 estis,
1135 2146 1202 2172 vos
1229 2145 1317 2184 ego,
1343 2146 1480 2183 magna
1505 2134 1599 2174 fero.

325 2249 541 2299 Sequuntur
563 2263 637 2290 vss.
663 2253 711 2290 81
740 2274 795 2279 —
819 2252 886 2290 88.
910 2263 938 2289 s.

555 2357 666 2396 Nunc
686 2358 852 2407 pretium
872 2356 998 2395 fecere
1022 2356 1122 2396 Deos
1142 2358 1196 2406 (et
1216 2357 1361 2396 fallitur
1382 2369 1476 2397 auro

612 2426 813 2476 Iuppiter),
836 2425 1011 2474 obliquae
1037 2426 1143 2475 signa
1162 2427 1301 2466 iterata
1322 2431 1443 2476 rotae,
