1862 2676
903 45 1134 97 ...32-

316 176 386 213 ire
416 173 513 213 vias
543 174 682 212 mirum
713 173 919 222 videbitur,
953 174 984 213 si
1015 175 1359 224 comparaverimus
1390 174 1489 225 quod
1514 179 1575 216 est
1592 175 1624 225 1,
1648 178 1717 226 20,

322 244 386 282 17.
412 254 442 281 s.
493 242 668 292 Namque
699 240 827 281 ferunt
854 242 943 281 olim
970 243 1141 292 Pagasae
1161 244 1363 283 navalibus
1384 243 1491 294 Argo
1511 244 1716 295 Egressam

317 310 449 359 longe
476 310 661 351 Phasidos
687 311 777 350 isse
802 310 909 350 vias.
961 310 1070 355 Nam,
1089 311 1247 361 pluralis
1277 323 1457 352 numerus
1489 313 1600 362 vias,
1632 325 1718 354 cum

316 379 488 429 quisquis
509 380 634 419 Roma
653 379 816 418 Fidenas
837 380 953 418 iverit
972 380 1082 428 longe
1102 381 1179 419 isse
1201 380 1368 429 dicatur,
1401 381 1463 420 hic
1490 392 1531 420 se
1552 393 1626 421 non
1647 383 1717 421 mi-

315 458 387 485 nus
417 452 526 487 recte
555 447 672 486 habet
703 458 814 496 quam
843 447 882 485 in
902 448 1213 496 Argonautarum
1238 446 1314 487 uno
1339 448 1474 487 itinere
1500 449 1715 499 singularis.

315 514 420 564 Ergo
442 520 486 555 ut
506 527 550 554 eo
573 518 815 555 revertamur
835 515 935 554 unde
958 515 1217 563 discessimus,
1250 516 1283 554 si
1314 520 1445 555 cetera
1474 517 1600 557 omnia
1624 518 1717 557 satis

316 595 357 622 se
379 587 483 628 recte
504 584 660 632 habent,
683 595 729 622 ne
751 583 788 621 in
812 582 968 622 elisione
988 583 1141 632 quidem
1162 583 1227 622 illa
1249 582 1504 634 offendemus,
1536 585 1650 625 immo
1671 597 1718 625 ne

316 653 349 691 si
379 653 502 692 nullae
534 652 687 701 quidem
718 652 861 690 similes
893 656 1019 691 essent
1050 652 1228 691 elisiones
1263 652 1553 692 offenderemus.
1608 655 1718 693 Nunc

314 724 442 760 autem
473 732 540 759 eae
560 719 809 769 proferuntur
834 720 880 758 ab
911 720 993 769 ipso
1015 720 1315 769 Eschenburgio.
1371 722 1430 760 Ac
1451 722 1544 760 mihi
1566 721 1716 772 quidem

315 789 433 828 etiam
465 788 703 828 Catullianae
729 788 905 827 elisiones
925 790 1010 838 (85,
1036 791 1073 828 2.
1097 789 1221 828 sentio
1245 792 1284 827 et
1304 790 1654 839 excrucior—91,
1679 793 1717 829 2.

314 858 466 906 perdito
488 869 618 896 amore
640 856 722 896 fore
738 879 795 884 —
816 859 883 906 97,
909 859 946 896 6.
969 857 1121 905 ploxeni
1142 857 1256 896 habet
1276 858 1483 896 veteris—
1500 860 1594 906 104,
1619 861 1657 897 2.
1680 859 1719 897 in

316 937 357 965 se
373 926 488 965 habet
504 925 683 975 egregiis)
705 925 949 964 vehementer
965 925 1013 964 ad
1030 937 1110 964 rem
1126 926 1319 974 pertinere
1334 926 1523 975 videntur,
1535 927 1608 965 nisi
1619 925 1717 972 forte

314 998 492 1042 putamus
517 993 761 1041 Propertium
791 992 933 1031 formas
955 993 1136 1041 quasdam
1158 994 1392 1042 antiquiores
1422 998 1466 1032 ut
1495 1006 1619 1044 mage
1648 1006 1715 1043 po-

313 1062 430 1100 tuisse
462 1073 634 1109 servare,
667 1061 847 1100 metricas
877 1061 1050 1100 licentias
1071 1072 1146 1100 non
1167 1062 1345 1110 potuisse.
1398 1061 1525 1111 thue
1552 1063 1717 1102 alterum

313 1130 605 1178 Propertianum
627 1129 844 1177 exemplum
866 1129 915 1178 II,
943 1131 1008 1177 14,
1035 1131 1086 1167 18
1109 1130 1232 1178 (nemo
1253 1129 1292 1167 in
1313 1141 1441 1168 amore
1463 1130 1600 1173 videt-)
1627 1131 1715 1168 mit-

313 1203 456 1246 tamus,
500 1197 589 1246 quia
624 1208 644 1235 ο
674 1197 712 1234 in
742 1196 846 1234 exitu
877 1197 1014 1235 tertiae
1045 1196 1310 1235 declinationis
1340 1197 1403 1235 illo
1434 1197 1510 1235 iam
1542 1201 1712 1246 tempore

313 1270 447 1314 coepta
479 1265 530 1303 sit
562 1265 721 1313 corripi:
763 1268 803 1302 at
829 1265 932 1312 quod
962 1265 1177 1313 exemplum
1208 1267 1268 1303 est
1297 1265 1335 1302 in
1366 1265 1520 1304 Acontii
1552 1265 1714 1314 epistola

311 1335 381 1382 (vs.
408 1334 502 1371 178.
527 1336 631 1371 certe
653 1343 722 1381 ego
742 1332 847 1370 solus
868 1332 962 1380 ero),
985 1331 1024 1370 id
1047 1332 1200 1381 quidem
1220 1332 1330 1381 plane
1351 1335 1410 1371 est
1430 1332 1468 1370 in
1490 1332 1622 1371 eodem
1645 1345 1713 1371 nu-

312 1413 432 1449 mero,
454 1401 553 1450 quod
575 1404 615 1439 et
635 1401 798 1449 epistola
819 1411 863 1438 ea
884 1401 1051 1439 eiusdem
1069 1400 1150 1438 fere
1167 1401 1349 1449 temporis
1365 1404 1425 1440 est
1440 1404 1479 1439 et
1494 1401 1547 1440 ibi
1565 1413 1714 1450 quoque

311 1469 420 1507 elisio
442 1468 577 1507 incidit
597 1468 635 1505 in
658 1468 797 1505 exitum
820 1467 988 1506 adverbii
1009 1468 1048 1504 in
1069 1479 1087 1505 e
1108 1468 1293 1506 exeuntis.
1345 1468 1442 1506 Nam
1470 1473 1508 1506 et
1534 1480 1605 1517 par
1624 1472 1712 1507 ante

311 1547 441 1584 parem
463 1535 602 1574 vocalis
623 1533 771 1573 facilius
792 1534 945 1573 videtur
966 1534 1073 1583 elidi,
1100 1546 1221 1583 neque
1242 1547 1261 1573 e
1281 1535 1320 1573 in
1341 1535 1534 1574 adverbiis
1554 1536 1608 1574 ita
1628 1539 1713 1574 erat

311 1604 440 1652 longa,
473 1606 515 1640 ut
545 1613 729 1650 nusquam
757 1602 1030 1654 corriperetur.
1083 1600 1187 1649 Quae
1210 1602 1400 1651 correptio
1423 1603 1496 1640 etsi
1519 1603 1556 1640 in
1582 1603 1711 1651 longe

312 1683 496 1722 nusquam
526 1671 720 1720 reperitur
749 1670 911 1720 (Neuius
935 1670 960 1708 1.
988 1670 1013 1708 l.
1039 1670 1066 1709 l.
1098 1681 1184 1719 pag.
1220 1672 1315 1709 518.
1347 1675 1504 1719 praeter
1534 1671 1643 1710 bene
1674 1675 1713 1709 et

312 1741 423 1779 male
454 1751 499 1778 ex
529 1739 666 1778 Plauto
697 1738 809 1777 affert
839 1739 997 1787 probe,
1030 1749 1077 1776 ex
1108 1737 1309 1787 Lucretio,
1332 1738 1511 1787 Horatio,
1539 1739 1621 1778 aliis
1644 1751 1711 1777 su-

311 1812 465 1858 perne,
489 1820 536 1847 ex
556 1807 736 1847 Lucretio
758 1805 951 1854 inferne,
983 1818 1029 1845 ex
1056 1806 1223 1845 Ausonio
1244 1805 1452 1856 inferne):
1485 1807 1711 1856 intelligitur

310 1881 437 1914 tamen
458 1876 593 1924 longae
614 1887 632 1913 e
653 1876 693 1912 in
714 1874 907 1912 adverbiis
927 1885 1001 1912 non
1023 1874 1178 1912 eandem
1204 1877 1379 1912 naturam
1400 1878 1439 1912 et
1460 1876 1711 1913 constantiam

311 1948 424 1994 atque
456 1943 613 1982 aliarum
645 1942 857 1991 longarum,
874 1941 1108 1990 syllabarum
1138 1940 1268 1981 fuisse.
1321 1940 1426 1990 Quae
1450 1953 1534 1982 cum
1556 1943 1612 1981 ita
1633 1942 1711 1981 sint

310 2023 379 2051 nec
421 2012 574 2059 spurios
614 2011 685 2048 hos
727 2021 859 2047 versus
890 1994 1190 2047 existimabimus
1221 2021 1289 2047 nec
1320 2010 1491 2048 Luciano
1522 2010 1709 2048 Muellero

311 2079 563 2118 assentiemur
584 2078 623 2116 in
647 2077 814 2115 editione
840 2088 908 2115 sua
929 2076 1101 2115 ordinem
1123 2078 1177 2115 ita
1197 2076 1377 2125 mutanti,
1403 2080 1447 2116 ut
1472 2078 1708 2126 superiorem

310 2150 588 2196 pentametrum
604 2148 691 2194 post
705 2145 867 2183 alterum
883 2145 1159 2194 hexametrum,
1171 2149 1258 2193 post
1269 2146 1435 2193 priorem
1446 2145 1707 2185 hexametrum

310 2215 473 2253 alterum
494 2217 774 2263 pentametrum
795 2213 866 2251 hac
888 2214 927 2251 in
947 2212 1070 2251 forma
1088 2216 1220 2261 ponat:

428 2321 552 2368 Atque
573 2321 627 2359 ibi
655 2320 817 2358 Fidenas
839 2320 950 2368 longa
972 2324 1055 2358 erat
1075 2320 1152 2357 isse
1174 2322 1245 2358 via.

309 2429 405 2467 Nam
428 2426 522 2465 illud
547 2427 694 2475 quidem
718 2427 772 2465 ita
793 2426 974 2477 efficitur,
1007 2430 1049 2464 ut
1071 2430 1235 2475 utroque
1257 2427 1419 2466 disticho
1440 2427 1551 2465 binae
1571 2437 1631 2465 res
1655 2427 1704 2465 si-
