1862 2676
895 61 950 67 -
986 40 1036 77 72
1076 61 1131 67 .-

554 155 714 193 Horruit
734 154 873 204 algenti
887 146 1051 205 'pergula
1072 159 1181 194 curta
1198 155 1285 195 foco
1303 176 1351 185 -·

319 259 359 298 in
385 260 487 298 illius
514 259 637 299 locum
666 260 864 300 transfert.
891 261 987 300 Nam
1016 271 1112 310 quae
1137 260 1202 299 illo
1229 252 1342 300 versu
1367 260 1607 310 significetur
1635 272 1713 300 ma·

320 329 398 365 cies
419 339 503 365 cum
525 340 594 366 nec
615 328 809 377 Propertii
831 340 903 368 nec
923 329 1074 377 puellae
1094 328 1218 377 possit
1231 340 1316 367 esse
1336 329 1443 367 lenae
1463 328 1579 380 utbsit
1598 329 1713 366 relin—

320 395 382 443 qui
406 399 445 433 et
465 396 663 434 convenire
689 396 727 434 in
756 397 921 435 subitam
953 390 1038 434 eius
1062 401 1224 434 mortem
1253 407 1349 444 quae
1375 395 1536 444 Veneris
1560 395 1713 434 numine

319 461 528 511 efficiatum
550 467 724 502 mortuae
744 476 862 513 porro
885 464 1052 513 speciem
1074 463 1239 502 describi
1259 475 1332 502 non
1358 475 1486 513 posse,
1513 464 1584 502 nisi
1605 463 1712 512 prius

320 542 403 569 esse
425 537 613 570 mortuam
635 539 886 571 memoratum
908 534 979 571 sit:
1014 544 1105 581 ergo
1133 531 1234 571 illinc
1260 543 1412 570 versum
1439 544 1523 570 eum
1551 543 1634 570 esse
1655 543 1716 570 re-

319 600 559 637 movendum.
594 600 742 638 Rursus
764 604 851 648 post
881 605 1127 639 memoratam
1155 600 1262 638 lenae
1287 604 1447 639 mortem
1474 611 1627 638 versum
1650 601 1717 638 70.

321 667 425 705 nulla
451 668 660 715 sententiae
681 668 962 707 necessitudine
985 680 1069 707 cum
1091 668 1274 717 proximis
1295 679 1380 707 esse
1400 668 1656 716 coniunctum,
1676 671 1716 706 at

322 736 505 783 egestatis
532 735 660 773 statim
686 739 776 784 post
801 736 1015 775 divitiarum
1044 736 1212 774 studium
1238 736 1385 784 puellae
1414 736 1716 776 commendatum

321 808 408 851 apte
428 801 511 841 fieri
532 804 778 843 mentionem:
795 815 889 843 -esse
914 804 1033 853 igitur
1060 804 1163 843 locos
1188 805 1324 844 horum
1354 815 1532 843 versuum
1553 805 1654 842 inter
1675 815 1717 841 se
1762 817 1764 820 ·

324 872 626 909 commutandos.
649 872 691 910 In
713 884 790 921 qua
808 873 1134 921 argumentatione
1154 876 1301 911 tantum
1325 871 1437 911 facile
1458 871 1716 920 concedimus,

322 939 482 978 maciem
504 951 574 978 nec
594 940 746 987 puellae
771 952 872 986 esse.
888 951 957 978 nec
980 940 1193 989 Propertii3
1226 951 1338 988 quam
1366 951 1446 978 rem
1473 951 1559 978 cum
1581 938 1719 977 multos

321 1005 551 1053 interpretes
573 1010 654 1044 tum
677 1007 973 1054 Hertzbergium
995 1006 1175 1045 fefellisse
1198 1008 1442 1050 vehementer
1466 1007 1599 1044 miror.
1623 1006 1718 1045 Ubi-

323 1084 472 1122 cunque
493 1074 592 1112 enim
613 1075 825 1113 amantium
846 1075 986 1112 macies
1007 1078 1239 1113 memoratur
1255 1096 1306 1103 —
1325 1079 1364 1113 et
1384 1079 1619 1113 memoratur
1638 1058 1720 1113 cre-

324 1141 492 1180 berrime
514 1163 570 1169 —
591 1142 643 1180 ibi
669 1146 750 1190 aut,
781 1147 823 1180 ut
842 1142 1142 1181 Luettiohannes
1168 1145 1273 1180 recte
1301 1141 1498 1189 admonet,
1525 1153 1549 1180 a
1569 1153 1661 1180 cura
1681 1144 1720 1179 et

325 1209 516 1248 desiderio
548 1213 615 1248 aut
643 1221 666 1248 a
698 1209 885 1248 veneficiis
916 1213 984 1248 aut
1013 1221 1036 1248 a
1065 1210 1186 1249 multo
1218 1209 1380 1249 Veneris
1410 1220 1480 1248 usu
1511 1209 1721 1259 proficisci·

325 1276 453 1325 tur*),
491 1288 590 1326 quae
614 1278 662 1316 ab
689 1278 761 1316 hoc
787 1278 868 1316 loco
896 1279 1022 1317 omnia
1051 1278 1175 1317 aliena
1201 1281 1311 1316 sunt:
1344 1278 1562 1326 repentinus
1593 1282 1723 1316 terror

326 1351 366 1383 et
387 1350 511 1383 metus
530 1345 675 1394 pallore
696 1358 769 1384 non
795 1346 914 1385 macie
940 1347 1122 1384 cernitur.
1157 1346 1403 1384 Anicularum
1429 1350 1556 1384 autem
1582 1345 1723 1384 macies

327 1424 410 1450 cum
432 1413 522 1451 alibi
549 1425 662 1461 saepe
687 1419 1003 1452 commemoratur
1013 1414 1081 1461 **),
1112 1419 1190 1451 tum
1212 1414 1250 1451 in
1271 1414 1369 1451 hanc
1389 1413 1511 1451 lenam
1533 1424 1577 1451 eo
1599 1414 1721 1461 magis

328 1481 520 1528 convenit,
553 1482 654 1530 quod
674 1493 761 1519 mox
782 1483 878 1520 tussi
904 1482 1080 1530 moritur,
1114 1485 1155 1519 ut
1176 1481 1330 1519 eaedem
1358 1492 1420 1519 res
1442 1481 1551 1528 duae,
1585 1482 1722 1520 macies

329 1551 368 1586 et
388 1549 518 1597 tussis,
541 1549 762 1588 coniunctae
784 1550 930 1588 suntin
951 1548 1155 1598 Antholog.
1179 1549 1262 1588 Lat.
1287 1548 1455 1599 (Meieri)
1481 1550 1603 1588 1631.

388 1732 414 1769 ¹⁸¹)
435 1732 476 1762 Ut
495 1742 591 1770 pauca
610 1732 646 1763 de
665 1733 767 1763 multis
794 1733 968 1770 afferamus,
990 1742 1008 1763 a
1033 1732 1202 1763 desiderio:
1223 1732 1313 1770 Prop.
1333 1732 1387 1768 IV,
1409 1734 1435 1768 3,
1451 1734 1498 1761 27.
1520 1741 1542 1762 s.
1559 1732 1680 1762 Diceris
1696 1736 1727 1762 et

333 1782 428 1811 macie
444 1782 559 1810 vultum
575 1787 724 1820 tenuasse,
739 1783 790 1812 sed
818 1787 887 1819 opto
904 1783 929 1812 Ε
945 1782 1097 1812 desiderio
1123 1782 1162 1811 sit
1179 1781 1262 1811 color
1282 1782 1340 1811 iste
1357 1790 1432 1811 meo.
1449 1781 1472 1817 1,
1490 1783 1517 1818 5,
1534 1783 1580 1812 21.
1596 1782 1658 1810 Aut
1672 1790 1726 1810 cur

333 1830 388 1860 sim
404 1834 468 1859 tot-o
484 1839 609 1866 corpore
621 1832 723 1861 nullus
739 1841 802 1868 ego.
819 1832 842 1868 1,
853 1833 881 1867 9,
892 1833 939 1861 29.
956 1831 1015 1867 Qui
1032 1840 1093 1859 non
1109 1833 1175 1859 aule
1192 1834 1285 1867 patet,
1300 1830 1395 1859 donec
1411 1838 1516 1858 manus
1532 1830 1634 1866 attigit
1649 1838 1727 1859 ossa.

331 1878 370 1911 ΙΙ,
391 1881 434 1913 11,
453 1880 498 1908 17.
514 1879 590 1916 Quid
616 1880 672 1908 tibi
695 1880 856 1908 iucundum
877 1883 924 1909 est
944 1879 1033 1909 siccis
1055 1879 1194 1908 habitare
1214 1878 1374 1908 medullis!
1398 1878 1483 1908 Ovid.
1499 1877 1572 1908 Her.
1588 1878 1643 1915 111,
1662 1881 1725 1908 141.

332 1928 433 1965 thue
453 1927 537 1964 facis,
558 1936 665 1964 coges;
687 1928 762 1957 abiit
782 1937 952 1965 corpusque
974 1928 1125 1965 colorque.
1141 1928 1193 1965 XI,
1210 1929 1256 1957 27.
1274 1927 1406 1964 Fugerat
1427 1936 1478 1956 ore
1494 1927 1594 1956 color:
1617 1927 1727 1956 macies

333 1976 500 2006 adduxerat
515 1979 598 2005 artus
617 1992 649 1998 —
667 1977 787 2006 Metam.
804 1977 858 2012 ΙΙΙ,
874 1978 940 2006 396.
963 1985 985 2005 s.
1002 1977 1169 2005 Attenuant
1188 1976 1296 2013 vigiles
1318 1984 1426 2012 corpus
1446 1976 1619 2005 miserabile
1637 1984 1727 2005 curae
1774 1999 1777 2000 γ

332 2025 523 2061 Adducitque
549 2028 647 2054 cutem
675 2026 785 2054 macies
810 2029 840 2054 et
864 2026 896 2054 in
922 2034 993 2054 aera
1018 2034 1121 2054 succus
1138 2025 1242 2055 Omnis
1263 2025 1339 2060 abit3
1356 2041 1389 2046 —
1409 2033 1427 2053 a
1448 2024 1604 2053 veneficiis
1620 2025 1727 2054 Horat.

333 2073 429 2111 Epod.
447 2073 543 2110 XVII,
559 2075 605 2102 21.
622 2082 646 2102 s.
662 2073 753 2110 Fugit
770 2074 908 2103 iuventus
925 2076 956 2102 et
971 2073 1158 2103 verecundus
1180 2073 1264 2102 color
1280 2072 1416 2110 Reliquit
1437 2081 1505 2102 ossa
1520 2073 1602 2110 pelle
1619 2073 1728 2103 amicta

333 2123 448 2159 lurida;
475 2122 547 2152 Tuis
568 2122 698 2159 capillus
723 2122 809 2151 albus
834 2126 880 2151 est
905 2121 1064 2157 odoribus3
1087 2138 1122 2143 —
1143 2131 1161 2151 a
1187 2114 1218 2151 re
1245 2131 1377 2151 venerea
1397 2122 1487 2159 Prop.
1509 2122 1548 2158 11,
1570 2125 1618 2159 22,
1639 2125 1686 2151 21.
1703 2131 1727 2151 s.

335 2171 394 2201 Sed
410 2172 463 2200 tibi
480 2172 504 2201 si
521 2171 615 2200 exiles
631 2171 734 2199 videor
751 2174 891 2199 tenuatus
907 2170 939 2198 in
950 2173 1042 2205 artus,
1058 2170 1204 2199 Falleris:
1221 2170 1301 2199 haud
1318 2179 1450 2207 unquam
1467 2173 1513 2200 est
1529 2171 1612 2200 culta
1623 2170 1728 2200 labore

334 2222 447 2251 Venus.
463 2220 574 2250 Catull.
590 2219 697 2250 LVIII.
716 2219 833 2249 Gellius
849 2222 895 2248 est
911 2218 1016 2248 tenuis.
1033 2219 1164 2256 Quidni?
1180 2219 1227 2248 cui
1243 2222 1302 2249 tarn
1319 2220 1399 2249 bona
1417 2224 1511 2249 mater
1528 2220 1660 2257 Tamque
1677 2229 1729 2249 va-

334 2270 402 2299 lens
418 2269 498 2298 vivat
512 2272 631 2306 tamque
648 2271 776 2297 venusta
791 2275 878 2296 soror
890 2283 925 2288 —
938 2267 993 2304 Qui
1009 2271 1042 2296 ut
1057 2268 1134 2296 nihil
1151 2268 1282 2305 attingat
1297 2268 1354 2297 nisi
1369 2268 1447 2304 quod
1462 2268 1508 2297 fas
1523 2271 1651 2305 tangere
1668 2277 1729 2297 non

335 2322 381 2348 est
397 2317 592 2354 Quantumvis
608 2326 700 2353 quare
716 2317 756 2345 sit
771 2324 872 2344 macer
895 2315 1042 2344 invenies.
1064 2315 1149 2344 Ovid.
1167 2316 1233 2344 Am.
1250 2315 1272 2350 Ι,
1288 2318 1316 2352 6,
1332 2317 1358 2345 5.
1378 2316 1500 2353 Longus
1521 2325 1603 2345 amor
1619 2324 1729 2352 corpus

333 2367 413 2397 tales
429 2365 567 2395 tenuavit
580 2366 612 2394 in
628 2374 698 2394 usus
715 2366 855 2401 Aptaque
872 2363 1018 2393 subducto
1033 2372 1159 2400 corpore
1175 2364 1307 2392 membra
1323 2363 1417 2393 dedit.

394 2414 441 2451 **)
456 2414 517 2444 Ofr.
534 2414 646 2443 Lucan.
662 2413 768 2443 Phars.
784 2413 837 2449 VI,
851 2413 918 2442 512.
934 2421 957 2441 s-
976 2429 1009 2434 —
1026 2415 1109 2442 tenet
1131 2420 1184 2441 ora
1199 2411 1342 2449 profanae
1353 2411 1537 2449 (Erichthus)
1551 2410 1655 2440 Foeda
1670 2411 1730 2440 situ
