1862 2676
745 87 985 128 -103—

168 210 212 238 ea
230 209 339 237 sacra
359 192 434 238 non
453 188 564 246 esse3'
577 211 660 239 cum
680 205 809 242 autem
829 205 910 240 tota
930 203 1101 241 oratione
1118 201 1157 240 id
1174 201 1308 250 puellis
1321 200 1555 251 persuadere

171 265 338 315 studeat,
361 270 403 304 ut
423 277 464 305 se
484 266 532 305 ad
552 265 694 307 fontem
719 268 935 318 admittant,
960 270 1007 308 ad
1034 274 1180 309 ceteras
1206 280 1300 318 quas
1322 267 1472 318 profert
1495 280 1557 306 ra-

166 335 302 383 tiones,
330 334 378 373 ad
404 335 638 374 nobilitatem
665 348 772 375 suam
799 340 843 386 et,
864 337 1115 377 innocentiam
1146 338 1241 376 illud
1271 349 1420 386 quoque
1452 348 1555 376 com-

166 403 276 441 mode
302 402 484 452 adiungit,
506 409 549 442 ut
574 415 621 442 ne
647 405 943 444 inimicissimam
973 406 1126 454 quidem
1153 407 1261 444 deam
1283 416 1381 453 aqua
1401 417 1442 444 se
1464 416 1555 454 pro-

165 471 370 510 hibituram
401 471 610 511 admoneat.
654 472 760 521 Quae
790 473 993 512 admonitio
1031 485 1115 512 cum
1152 474 1290 512 ceteris
1319 473 1553 522 argumentis

165 543 243 578 tam
272 540 368 578 bene
400 540 589 591 cohaeret,
623 545 666 580 ut
695 552 742 579 ne
773 542 961 580 excidisse
993 542 1141 590 quidem
1170 542 1374 591 quidquam
1399 545 1554 590 praeter

165 608 270 646 illum
292 620 444 648 versum
465 611 547 658 42„
571 610 632 647 cui
655 611 722 649 66.
746 610 975 649 substitutus
1002 615 1072 659 est,
1100 611 1288 659 videatur,
1314 614 1358 648 ut
1379 609 1552 648 Luettio—

165 677 282 715 hanni
306 677 446 726 placet.
477 676 597 725 Quam
623 678 721 716 enim
746 678 809 717 ille
835 679 1060 718 sententiam
1088 679 1280 718 desiderat
1305 678 1449 717 aditum
1481 678 1554 716 sibi

165 745 404 794 postulantis,
437 757 480 783 ea
510 746 612 794 quod
644 747 682 783 in
708 747 790 795 ipso
817 747 926 785 initio
954 747 1137 785 orationis
1168 751 1226 785 est
1255 746 1383 795 posita
1412 747 1497 795 (34.
1521 756 1551 783 s.

164 813 324 852 Pandite
346 812 501 852 defessis
522 814 674 863 hospita
694 814 780 853 fana
800 815 905 853 viris.
941 815 1075 854 Fontis
1095 827 1211 863 egens
1232 815 1334 863 erro)
1361 814 1422 852 hic
1442 824 1553 862 prae-

165 887 227 921 ter
257 883 522 922 necessitatem
554 882 891 932 redintegraretur.
919 905 974 911 —
1006 884 1049 922 In
1081 884 1285 932 postremis
1316 882 1464 921 duobus
1495 882 1553 920 di-

164 953 295 992 stichis
310 965 318 990 :

230 1055 241 1066 “
310 1060 447 1098 Sancte
467 1062 591 1107 pater,
614 1058 728 1107 salve,
751 1059 812 1096 cui
832 1059 906 1096 iam
927 1057 1028 1097 favet
1053 1069 1184 1106 aspera
1205 1058 1316 1096 Iuno:

367 1127 513 1172 Sancte,
537 1127 631 1164 velis
651 1126 748 1163 libro
769 1126 907 1163 dexter
927 1127 1050 1163 inesse
1071 1137 1167 1163 meo.

308 1192 434 1242 Hunc,
458 1194 636 1241 quoniam
656 1193 832 1231 manibus
853 1198 1057 1242 purgatum
1079 1196 1254 1231 sanxerat
1274 1193 1415 1240 orbem,

367 1261 429 1300 Sic
452 1261 630 1300 Sanctum
653 1261 787 1299 Tatiae
809 1272 1053 1310 composuere
1076 1261 1199 1300 Cures
1221 1283 1276 1288 —

164 1377 466 1416 Luettiohannes
488 1377 695 1416 Diltheium
718 1377 791 1426 (De
808 1376 1027 1415 Callimachi
1045 1376 1219 1426 Cydippa
1234 1389 1270 1426 p.
1293 1378 1386 1416 106.
1409 1376 1557 1425 annot.)

164 1447 348 1494 sequitur,
373 1445 436 1493 qui
458 1445 631 1483 ordinem
651 1456 781 1483 eorum
803 1445 858 1482 ita
883 1445 1050 1492 invertit,
1079 1448 1122 1482 ut
1148 1445 1249 1493 quod
1274 1444 1448 1482 ultimum
1469 1447 1555 1482 erat

163 1513 201 1551 id
222 1513 507 1561 paenultimum,
530 1512 632 1561 quod
652 1513 920 1561 paenultimum
942 1512 981 1550 id
1003 1512 1175 1551 ultimum
1201 1511 1325 1551 faciat.
1368 1510 1441 1559 Qui
1466 1522 1552 1550 cum

164 1580 301 1628 quibus
323 1580 533 1618 rationibus
555 1584 754 1618 moveatur
774 1580 1014 1628 paucissimis
1035 1581 1162 1618 verbis
1184 1580 1345 1629 aperiat,
1367 1581 1450 1628 ipsa
1471 1580 1552 1618 eius

163 1648 279 1687 verba
300 1647 511 1686 afferamus.
534 1670 590 1676 —
612 1648 857 1697 Transposui,
880 1648 1015 1697 inquit,
1038 1648 1113 1687 duo
1135 1648 1228 1687 haec
1254 1647 1432 1695 disticha;
1464 1660 1551 1686 nam

163 1720 362 1764 antequam
379 1738 427 1745 -
445 1716 580 1754 Sancte
598 1721 707 1765 pater
720 1737 770 1745 —
785 1717 1046 1765 appellaretur
1062 1717 1248 1755 Hercules
1260 1716 1401 1754 dictum
1417 1728 1550 1754 conve-

164 1785 221 1823 nit
236 1796 322 1823 eum
334 1784 510 1823 Sanctum
528 1795 610 1822 esse
627 1783 782 1833 factum,
799 1796 871 1822 non
890 1788 1039 1833 postea3
1059 1796 1127 1822 nec
1144 1785 1214 1822 nisi
1232 1785 1270 1821 in
1290 1784 1372 1832 ipso
1386 1784 1492 1822 exitu
1513 1784 1553 1822 id

164 1853 263 1902 quod
283 1853 473 1902 posterius
495 1853 603 1901 posui
626 1852 815 1891 distichon
841 1856 970 1901 aptum
997 1853 1119 1891 locum
1147 1852 1271 1891 habet.
1297 1874 1347 1880 —
1371 1853 1423 1890 At
1449 1853 1551 1901 quod

163 1922 271 1969 prius
298 1920 402 1969 dicit,
433 1921 472 1958 id
498 1921 551 1959 ita
578 1932 708 1959 verum
737 1925 806 1969 est,
834 1921 866 1959 si
894 1933 978 1959 cum
1004 1922 1153 1959 nomina
1179 1921 1240 1958 vel
1266 1932 1371 1958 sacra
1392 1920 1550 1959 deorum

165 1989 402 2038 explicantur
429 1990 534 2038 prius
561 2001 605 2027 ea
625 1989 773 2027 nomina
799 1989 993 2038 explicari,
1022 1989 1154 2027 deinde
1180 1989 1268 2026 deos
1293 1989 1338 2026 iis
1364 1989 1550 2038 appellari

165 2061 204 2096 et
223 2058 419 2106 implorari
441 2069 595 2096 necesse
617 2062 686 2096 est.
716 2057 821 2104 Quod
845 2069 951 2105 quam
975 2069 1048 2095 non
1070 2058 1119 2095 sit
1141 2068 1291 2095 necesse
1311 2058 1483 2095 cernitur
1503 2069 1549 2096 ex

168 2125 292 2164 Ovidii
312 2126 453 2174 Fastis,
477 2126 541 2174 qui
562 2126 624 2164 ubi
645 2126 674 2173 I,
701 2128 765 2163 65.
790 2137 838 2163 ss.

299 2242 316 2279 I
324 2253 401 2279 ane
423 2241 590 2290 biceps,
612 2242 748 2289 inquit,
771 2241 857 2279 anni
877 2241 993 2279 tacite
1013 2241 1175 2279 labentis
1200 2242 1323 2290 imago
1347 2264 1402 2269 —

211 2361 275 2398 67.
299 2359 446 2397 Dexter
466 2359 556 2397 ades
578 2359 749 2408 ducibus,
771 2370 930 2407 quorum
952 2370 1085 2397 secura
1106 2359 1234 2398 labore

359 2426 447 2465 Otia
467 2431 572 2466 terra
592 2426 711 2476 ferax,
734 2427 809 2466 otia
829 2430 968 2475 pontus
989 2428 1067 2476 agit
1087 2449 1144 2456 —
