1862 2676
760 88 996 155 ..93-

156 188 256 241 ‘Sed
285 200 349 240 hic
376 201 600 252 Propertius
629 214 703 242 non
723 207 910 253 perpetuo
931 214 1108 243 sermone
1130 203 1271 252 utitur,
1305 200 1375 241 sed
1395 210 1512 239 unum
1533 200 1583 240 de

179 269 387 309 Amoribus
419 267 635 320 loquentem
666 271 826 311 inducit.
875 267 1109 319 Quamquam
1141 271 1203 310 hic
1235 281 1385 318 quoque
1417 280 1487 308 cur
1517 279 1584 307 eae

176 336 298 376 malae
318 348 455 386 preces
476 337 732 387 suscipiantur
753 342 793 377 et
812 338 1013 387 postmodo
1033 338 1081 376 ab
1104 338 1238 376 eodem
1257 338 1397 375 Amore
1419 336 1587 385 explica-

176 407 242 442 tur
271 408 311 443 et
340 405 467 452 paullo
498 408 586 443 ante
613 406 661 444 ab
683 407 767 454 ipso
788 410 902 454 poeta
922 409 1120 443 narratum
1141 409 1212 444 est.
1256 403 1398 451 Quodsi
1419 408 1585 453 apparet

177 482 224 510 ex
253 467 304 511 iis⁰
332 482 430 521 quae
461 472 658 512 attulimus
689 473 988 512 detestationum
1020 483 1102 510 eam
1134 473 1255 520 ipsam
1280 472 1476 520 propriam
1497 482 1583 510 esse

168 539 325 588 sedem,
357 544 400 578 ut
430 552 454 578 a
484 540 690 579 sceleribus
722 552 818 589 quae
849 541 935 589 quis
968 541 1204 578 commiserit
1228 544 1343 587 atque
1364 551 1387 577 a
1407 540 1515 579 malis
1536 541 1583 578 iis

177 619 274 657 quae
306 606 476 647 effecerit
506 609 554 647 ad
586 620 650 647 eas
676 612 915 647 transeatur:
946 619 1014 647 cur
1033 608 1097 646 hic
1120 607 1287 657 Cynthia
1308 619 1331 645 a
1350 608 1493 646 misera
1514 619 1584 646 sua

175 679 299 715 morte
326 680 365 715 et
390 677 589 726 sepultura
609 677 657 717 ad
677 680 858 716 auctores
879 677 960 716 eius
982 676 1229 716 detestandos
1249 687 1324 715 non
1347 679 1434 725 apte
1455 679 1582 714 trans-

175 745 233 783 ire
263 745 462 784 videatur?
484 767 539 773 —
561 745 681 795 Quam
713 757 803 785 vero
826 757 900 784 non
923 745 1028 783 novit
1054 745 1356 784 Luettiohannes
1377 745 1439 783 vel
1466 744 1584 782 animi

175 812 332 852 humani
352 813 413 852 vel
435 814 579 863 elegiae
601 818 792 862 naturam,
814 814 846 852 si
867 817 954 852 ante
975 825 1030 852 vs.
1052 815 1118 852 39.
1141 825 1277 852 novam
1293 814 1454 852 amicam
1470 824 1582 852 accu-
1651 807 1653 809 ’
1694 857 1705 866 ·

175 881 298 919 ratius
319 881 548 930 descriptam
570 881 689 921 fuisse
711 882 947 930 suspicatur!
976 880 1060 928 Qua
1081 881 1129 919 de
1157 891 1201 918 re
1228 892 1303 929 quo
1330 881 1477 919 rectius
1502 881 1582 919 exi-

175 949 384 999 stimemus,
402 950 597 988 videamus
614 949 804 997 quomodo
813 948 1038 998 Propertius
1054 948 1102 987 de
1123 949 1183 997 iis,
1201 948 1340 997 quibus
1357 948 1581 998 aemulatur,

176 1016 303 1055 dicere
325 1017 460 1056 soleat.

173 1152 243 1202 ΠΙ,
265 1154 331 1191 20.
350 1152 402 1189 in.
422 1150 574 1199 Credis,
595 1150 734 1199 inquit,
754 1162 841 1189 eum
862 1151 938 1188 iam
955 1161 1068 1198 posse
1084 1154 1175 1189 tuae
1190 1151 1405 1190 meminisse
1420 1150 1581 1201 figurae,

472 1218 615 1257 Vidisti
635 1229 658 1256 a
677 1218 778 1257 lecto
801 1229 913 1266 quem
936 1218 1028 1256 dare
1049 1218 1132 1256 vela
1153 1218 1248 1256 tuo?

410 1287 542 1325 Durus
565 1287 629 1335 qui
649 1287 757 1324 lucro
778 1287 907 1335 potuit
926 1289 1075 1324 mutare
1096 1286 1275 1334 puellam.

469 1355 629 1393 Tantine
650 1354 711 1393 his
731 1354 901 1393 lacrimis
923 1353 1057 1392 Africa
1077 1357 1160 1392 tota
1180 1353 1278 1392 fuit?

175 1491 227 1542 ΙΙ,
241 1494 310 1541 24,
326 1492 454 1529 23.ss.
474 1489 692 1529 Contendat
711 1500 859 1528 mecum
881 1489 1047 1537 ingenio,
1071 1489 1277 1528 contendat
1297 1494 1335 1527 et
1357 1493 1453 1539 arte,

528 1558 721 1607 Imprimis
743 1569 818 1596 una
838 1557 963 1596 discat
983 1569 1113 1596 amare
1135 1557 1258 1596 domo.

471 1626 512 1665 Si
533 1626 685 1665 libitum
706 1625 778 1664 tibi
799 1626 886 1674 erit,
909 1626 1101 1664 Lernaeas
1122 1629 1266 1674 pugnet
1285 1626 1335 1664 ad
1356 1626 1499 1675 hydras

527 1694 580 1733 Et
600 1694 672 1733 tibi
692 1694 739 1733 ab
761 1694 949 1743 Hesperio
971 1694 1072 1733 mala
1092 1693 1255 1732 dracone
1276 1692 1388 1742 ferat,

470 1763 589 1803 Tetra
609 1774 753 1801 venena
773 1762 896 1801 libens
918 1766 958 1801 et
976 1761 1183 1811 naufragus
1205 1762 1333 1800 ebibat
1352 1762 1474 1800 undas

528 1832 583 1870 Et
603 1842 795 1880 nunquam
816 1842 886 1879 pro
910 1835 947 1869 te
969 1830 1133 1880 deneget
1154 1842 1236 1868 esse
1257 1830 1439 1868 miser-

471 1898 573 1946 Quos
593 1900 739 1938 utinam
760 1900 800 1937 in
819 1899 943 1947 nobis,
966 1900 1058 1948 vita,
1081 1899 1282 1948 experiare
1302 1897 1453 1937 labores
1465 1920 1520 1927 -—

529 1968 610 2006 Iam
631 1968 702 2006 tibi
724 1967 772 2006 de
794 1967 939 2006 timidis
960 1967 1034 2005 iste
1055 1972 1259 2015 protervus
1280 1967 1363 2015 erit,
1385 1988 1443 1995 —

471 2033 543 2081 Qui
564 2046 663 2073 nunc
685 2046 724 2072 se
746 2035 784 2072 in
801 2034 987 2073 tumidum
1003 2035 1179 2073 iactando
1197 2035 1296 2072 venit
1307 2034 1502 2072 honorem.
1524 2055 1579 2061 —

177 2170 227 2220 ΙΙ,
248 2172 315 2219 25,
336 2172 403 2208 21.
422 2181 453 2209 s.
477 2170 534 2208 Tu
556 2181 705 2218 quoque
728 2171 793 2218 qui
813 2171 926 2218 pleno
947 2170 1070 2208 fastus
1092 2171 1253 2208 assumis
1274 2181 1417 2218 amore,

530 2236 710 2285 Credule‚
734 2238 837 2276 nulla
858 2238 922 2276 diu
943 2236 1079 2276 femina
1101 2238 1249 2285 pondus
1270 2237 1384 2276 habet

338 2363 405 2400 29.
430 2373 459 2400 s.
483 2361 539 2399 Tu
560 2364 688 2400 tamen
709 2362 860 2400 interea
881 2362 1053 2409 quamvis
1075 2365 1113 2399 te
1135 2361 1271 2410 diligat
1291 2362 1356 2400 illa

531 2430 574 2468 In
595 2430 712 2469 tacito
734 2431 867 2469 cohibe
887 2430 1028 2478 gaudia
1050 2431 1176 2469 clausa
1198 2431 1297 2470 sinu.
1310 2453 1366 2459 —
