1862 2676
769 107 1055 155 —59—·

361 221 414 262 Ut
434 221 552 261 rediit
571 223 730 272 animus,
750 223 897 271 pariter
916 223 1063 261 rediere
1084 222 1253 268 dolores;

335 338 337 340 q
418 290 581 330 Pectora
600 291 791 341 legitimus
813 294 918 330 casta
937 291 1143 329 momordit
1162 283 1283 328 amor.

359 359 441 398 Nec
462 356 554 398 mihi
573 353 779 408 pectendos
800 370 892 398 cura
913 363 971 398 est
991 358 1174 407 praebere
1196 358 1374 406 capillos:

420 428 501 466 Nec
523 428 615 467 libet
636 431 770 467 aurata
791 438 952 476 corpora
973 431 1079 465 veste
1099 427 1179 475 tegi
1201 449 1256 454 —
1393 428 1395 431 ’

265 507 331 544 35.
365 505 605 545 Conveniunt
625 510 768 545 matres
789 505 1039 554 Phylaceides
1062 509 1100 543 et
1121 504 1214 542 mihi
1235 504 1419 542 clamant:

420 574 540 612 Indue
561 575 722 623 regales,
746 573 964 621 Laodamia,
987 573 1104 619 sinus.

364 640 517 680 Scilicet
535 642 618 690 ipsa
639 652 767 689 geram
790 643 981 678 saturatas
1002 640 1147 678 murice
1171 643 1307 686 vestes,

422 709 529 748 Bella
550 710 621 748 sub
642 709 770 748 Iliacis
791 709 990 747 moenibus
1012 709 1075 746 ille
1096 708 1233 757 gerat?

364 788 451 837 Ipsa
472 799 596 827 comas
619 791 769 836 pectar:
792 787 903 836 galea
923 791 1036 835 caput
1057 786 1119 824 ille
1140 785 1366 834 prematur?

422 857 508 905 Ipsa
529 868 645 894 novas
666 858 814 894 vestes:
839 855 935 893 dura
955 856 1014 892 vir
1035 866 1140 893 arma
1160 853 1285 895 ferat?

362 924 444 972 Quo
464 935 619 972 possum
639 922 815 972 squalore
835 926 924 961 tuos
946 923 1093 960 imitata
1113 922 1264 960 labores

417 992 556 1029 Dicar:
580 995 619 1029 et
638 991 731 1029 haec
753 990 840 1029 belli
862 995 1033 1039 tempora
1055 991 1179 1028 tristis
1200 1001 1321 1039 agam.

240 1142 245 1145 ,
276 1105 442 1154 Quarta
464 1107 502 1144 in
523 1107 644 1155 elegia
665 1107 798 1145 haeret
819 1106 1116 1145 Luettiohannes
1137 1106 1176 1144 in
1198 1118 1273 1144 vss.
1299 1108 1365 1144 27.
1389 1117 1418 1143 s.

361 1224 539 1272 Dumque
562 1223 666 1261 subit
687 1223 807 1271 primo
831 1222 1022 1271 Capitolia
1042 1222 1173 1260 nubila
1192 1221 1296 1260 fumo

422 1290 586 1329 Rettulit
606 1291 767 1350 hirsutis
787 1290 944 1328 brachia
965 1295 1071 1328 secta
1090 1290 1211 1328 rubis.
1227 1311 1277 1318 —-

191 1407 323 1457 Neque
344 1407 442 1445 enim
465 1418 547 1455 que
573 1407 761 1455 particula
786 1410 864 1445 tam
891 1406 1080 1444 diversam
1106 1417 1186 1443 rem
1214 1406 1262 1444 ad
1289 1417 1331 1444 ea
1360 1416 1456 1454 quae
1481 1405 1588 1453 prius

190 1478 395 1514 narrentur
419 1486 528 1523 posse
549 1475 657 1524 addi,
679 1485 749 1513 nec
772 1474 866 1512 satis
888 1474 1073 1523 intelligi,
1100 1474 1165 1522 qui
1184 1474 1345 1523 Tarpeia
1365 1473 1443 1511 sive
1465 1484 1588 1521 aquae

189 1544 376 1592 petendae
397 1543 476 1581 sive
497 1543 685 1581 lustrandi
706 1554 822 1581 causa
841 1553 964 1591 mane,
987 1546 1031 1580 ut
1051 1542 1169 1593 moris
1190 1541 1319 1590 fuerit,
1338 1553 1493 1591 egressa
1522 1547 1589 1579 aut

190 1613 230 1650 in
246 1612 364 1650 rubos
379 1611 559 1650 inciderit
579 1614 658 1659 aut,
680 1622 766 1649 cum
787 1611 935 1660 vesperi
955 1611 1109 1650 domum
1125 1611 1273 1650 redisse
1290 1610 1451 1659 dicatur,
1468 1614 1587 1648 totum

191 1681 230 1718 in
250 1679 421 1718 fontibus
443 1680 542 1717 diem
565 1679 855 1728 consumpserit.
875 1678 974 1717 Nam
994 1679 1153 1717 lustrari
1168 1679 1341 1727 potuisse
1363 1678 1589 1717 brevissimo

190 1753 383 1797 tempore:
410 1747 554 1787 Vestae
579 1747 717 1786 afferre
749 1759 886 1796 aquam
916 1747 1107 1786 debuisse.
1135 1747 1342 1786 Praeterea
1362 1747 1477 1785 etiam
1499 1758 1590 1795 que-

190 1817 289 1856 relas
306 1816 400 1866 eius,
422 1828 519 1866 quae
541 1819 751 1865 sequuntur
772 1828 796 1854 a
816 1827 869 1854 vs.
896 1816 978 1864 31.,
1002 1819 1109 1855 certa
1125 1815 1287 1864 quadam
1303 1827 1346 1854 re
1365 1819 1500 1864 motas,
1517 1827 1590 1854 non

192 1890 336 1924 temere
367 1884 508 1923 effundi
538 1883 674 1923 videri.
717 1884 905 1931 Quocirca
938 1888 1026 1922 ante
1054 1896 1110 1922 vs.
1143 1885 1209 1922 27.
1232 1883 1366 1922 statuit
1392 1882 1592 1922 nonnullos

192 1954 325 2001 versus
344 1952 542 2002 excidisse,
566 1953 704 2002 quibus
725 1956 950 1992 narraretur
971 1952 1173 2002 Tarpeiam
1189 1952 1248 1991 die
1270 1952 1434 2002 quodam
1455 1953 1494 1990 in
1515 1952 1594 2001 pla-

191 2022 320 2059 nitiem
343 2021 564 2069 degressam
585 2020 695 2058 Tatio
716 2024 971 2068 persequente
992 2020 1198 2068 aufugisse,
1221 2020 1378 2068 eiusque
1401 2021 1593 2058 narratio-

192 2088 251 2128 nis
271 2092 463 2128 extremos
485 2087 601 2127 fuisse
623 2100 755 2127 versus
778 2090 849 2134 71..
863 2092 908 2127 et
930 2090 997 2127 72.

367 2204 438 2243 Illa
459 2204 538 2243 ruit
558 2204 681 2254 qualis
699 2204 868 2243 celerem
889 2215 1007 2253 prope
1027 2203 1311 2243 Thermodonta

430 2273 642 2323 Strymonis
664 2273 836 2313 abscisso
857 2273 982 2312 fertur
1002 2279 1134 2322 aperta
1156 2274 1253 2322 sinu,
1279 2296 1330 2302 —-
1349 2274 1398 2322 (*)

254 2446 294 2483 (*)
308 2445 370 2475 Nos
387 2453 452 2474 eam
468 2454 575 2475 versus
591 2445 718 2475 formam
733 2446 923 2483 protulimus,
945 2454 1023 2482 quae
1044 2450 1075 2475 et
1095 2446 1127 2474 in
1144 2445 1296 2476 codicibus
1311 2451 1359 2476 est
1375 2450 1404 2475 et
1421 2446 1509 2476 nobis
1522 2456 1593 2484 pro-

195 2493 292 2524 batur.
317 2494 360 2523 At
385 2494 626 2524 Luettiohannes
652 2494 784 2524 mavult:
815 2494 981 2533 Strymonis
1006 2495 1183 2525 abscissum
1210 2495 1308 2525 fertur
1334 2498 1442 2532 aperta
1466 2495 1594 2526 sinum-
