1862 2676
845 84 1074 136 —736—

256 199 426 238 eiusdem
449 185 630 238 carminis
650 210 735 241 esse
757 206 963 248 nequeant.
985 198 1092 248 Quae
1113 205 1245 249 partes
1265 197 1394 240 utrum
1415 199 1546 240 eodem
1565 204 1659 239 tem-

256 278 352 316 pore
373 279 420 305 an
443 268 603 306 diversis
624 268 863 316 temporibus
885 268 1055 317 scriptae
1075 269 1165 317 sint,
1192 269 1233 308 id
1252 279 1379 318 neque
1396 269 1445 308 ad
1464 279 1544 320 rem
1565 262 1657 308 atti-

257 341 322 374 net
351 348 475 384 neque
507 337 596 375 ullis
632 336 846 376 rationibus
872 337 1233 386 convincipotest.
1272 338 1378 376 Nihil
1414 338 1514 376 enim
1548 337 1660 377 affert

257 403 542 451 Hertzbergius
564 403 717 451 Quaest.
741 404 856 452 Prop.
875 416 912 453 p.
933 406 1045 452 216„
1069 416 1156 443 cum
1178 405 1231 442 ait
1252 405 1397 443 omnia
1416 405 1659 444 vaticinantis

255 471 367 510 modo
390 472 493 510 edita
517 484 646 511 omnes
669 472 768 511 sales
790 483 1014 521 omnemque
1037 472 1261 522 sanguinem
1281 472 1490 522 perditura,
1508 472 1541 510 si
1555 471 1660 521 prin-

256 540 395 587 cipium
420 542 598 578 carminis
620 545 706 588 post
736 541 886 578 initium
913 542 1053 579 amoris
1080 546 1148 579 aut
1171 545 1261 589 post
1286 541 1399 579 finem
1419 541 1515 579 adeo
1536 541 1659 589 scrip-

255 616 336 649 tum
359 616 473 650 esset.
502 611 609 659 Quod
636 612 666 648 si
693 622 829 649 verum
855 618 967 660 esset,
997 611 1043 650 de
1071 611 1253 650 similibus
1281 611 1452 649 omnibus
1479 609 1658 648 carmini—

254 679 339 725 bus,
362 680 500 726 quibus
521 690 561 716 se
582 683 721 726 poetae
747 678 794 715 ab
815 689 893 715 uno
920 678 968 716 ad
989 679 1152 716 alterum
1180 682 1444 726 argumentum
1464 681 1656 724 revocant,

254 749 355 785 esset
383 746 599 785 dicendum.
630 746 793 785 Tantum
821 757 914 786 vero
946 746 1070 794 abest,
1098 749 1142 784 ut
1166 746 1277 785 nobis
1303 757 1388 785 cum
1414 744 1657 784 Lachmanno

254 815 318 861 (ad
345 815 495 851 initium
524 815 636 852 huius
664 816 751 853 libri
778 817 816 853 in
843 817 925 854 eius
951 815 1132 861 editione)
1155 809 1274 862 niagis
1300 814 1399 851 serio
1424 825 1447 850 a
1472 813 1657 861 principio

254 882 314 931 agi
336 870 526 931 videatur,
550 894 662 932 quam
683 886 726 921 ut
746 883 839 923 haec
863 895 947 922 cum
968 882 1254 932 insequentibus
1270 881 1318 921 ab
1332 881 1440 920 initio
1455 880 1658 919 coniuncta

254 950 409 996 fuerint,
433 955 475 988 ut
497 952 534 987 in
559 962 604 988 ea
626 952 708 998 ipsa
731 964 772 989 re
795 964 982 989 summum
1004 956 1143 999 poetae
1170 950 1372 988 artificium
1393 960 1654 998 agnoscamus.

254 1017 339 1057 Nisi
360 1016 458 1056 forte
481 1017 682 1056 Horatium
704 1019 820 1057 etiam
841 1019 878 1057 in
901 1019 1023 1057 altero
1050 1018 1168 1068 epodo
1194 1017 1242 1057 ad
1265 1018 1366 1057 vitae
1389 1017 1555 1057 rusticae
1575 1017 1657 1056 lau··

254 1086 459 1133 dationem,
483 1098 558 1134 qua
579 1087 684 1124 nulla
712 1099 878 1135 unquam
906 1088 1142 1135 splendidior
1167 1091 1284 1135 utque
1311 1088 1365 1125 ita
1392 1087 1515 1125 dicam
1539 1088 1659 1135 magis

255 1154 357 1193 seria
378 1154 523 1203 scripta
543 1156 616 1203 est,
637 1153 862 1193 inferiorem
885 1167 981 1205 quae
1004 1160 1062 1193 est
1083 1155 1130 1194 de
1152 1154 1250 1194 Alfio
1272 1159 1420 1203 partem
1440 1154 1658 1204 posteriore

253 1227 428 1271 tempore
454 1222 649 1261 addidisse
681 1224 889 1262 existimes.
939 1224 1013 1262 Sed
1048 1224 1210 1262 diversis
1246 1224 1481 1277 temporibus
1515 1234 1658 1271 nequa-

257 1301 369 1339 quam
397 1301 490 1339 opus
518 1293 588 1339 est,
622 1294 664 1328 ut
691 1302 809 1329 unum
841 1302 922 1329 esse
954 1302 1108 1331 carmen
1141 1289 1381 1330 defendatur.
1418 1290 1525 1329 Haec
1558 1290 1657 1329 enim

254 1360 340 1407 ipsa
360 1358 483 1396 forma
505 1359 695 1407 carminis,
729 1364 772 1397 ut
792 1363 905 1408 poeta
925 1372 949 1398 a
968 1360 1146 1408 graviore
1178 1371 1294 1397 causa
1324 1360 1374 1398 ad
1394 1360 1574 1397 leviorem
1596 1371 1658 1397 re-

255 1431 429 1475 vocetur,
452 1427 545 1465 satis
563 1430 623 1465 est
644 1425 837 1476 frequens.
860 1429 984 1477 Atque
1007 1427 1099 1466 alibi
1121 1428 1288 1476 quidem,
1317 1427 1501 1476 quomodo
1532 1427 1570 1466 id
1601 1426 1657 1466 fa—

256 1499 360 1533 ctum
392 1495 456 1543 sit,
480 1499 674 1544 narratur,
698 1496 802 1533 velut
821 1495 1045 1544 Propertius
1066 1496 1133 1541 III,
1157 1498 1193 1534 2.
1217 1496 1432 1534 Ennianum
1458 1507 1498 1534 se
1525 1507 1660 1545 poema

255 1567 454 1612 expertum
476 1563 524 1601 ab
546 1563 737 1612 Apolline,
760 1563 922 1602 Ovidius
937 1565 1022 1601 Am.
1041 1565 1072 1610 I⁷
1095 1567 1129 1602 1.
1159 1576 1181 1602 a
1203 1563 1393 1612 Cupidine
1415 1576 1454 1602 se
1475 1566 1521 1602 ab
1544 1564 1659 1602 armis

256 1631 444 1680 bellisque
466 1630 623 1669 edendis
652 1637 783 1670 narrat
809 1632 856 1670 ad
881 1632 1109 1671 amatorium
1137 1644 1290 1671 carmen
1316 1636 1529 1671 avocatum.
1554 1632 1658 1671 Alibi

255 1703 385 1737 autem
412 1710 485 1736 non
516 1704 700 1737 narratur
726 1711 800 1748 res,
835 1700 903 1738 sed
934 1701 1077 1748 agitur3
1111 1700 1295 1749 incipitur
1327 1701 1510 1739 celebrari
1543 1712 1660 1739 causa.

254 1768 419 1816 gravior,
443 1766 511 1805 sed
535 1766 664 1805 subito
686 1768 732 1805 ab
756 1779 800 1806 ea
822 1768 870 1806 ad
891 1768 1070 1806 leviorem
1098 1771 1166 1806 aut
1192 1769 1273 1817 ipse
1301 1780 1340 1806 se
1368 1772 1479 1816 poeta
1501 1773 1658 1807 revocat

255 1840 322 1873 aut
348 1836 395 1874 ab
423 1835 498 1873 alio
525 1839 741 1884 revocatur,
769 1839 812 1873 ut
832 1836 1015 1874 Horatius
1038 1835 1081 1874 C.
1109 1836 1158 1879 ΙΙ,
1191 1837 1226 1873 1.
1249 1840 1453 1884 postquam
1473 1835 1657 1875 Pollionis

256 1904 452 1942 historiam
481 1903 569 1942 belli
597 1903 720 1941 civilis
748 1904 916 1942 laudavit
941 1904 1148 1954 populique
1176 1904 1335 1943 Romani
1367 1904 1542 1943 miserias
1568 1916 1656 1943 con·

258 1977 413 2021 questus
440 1975 512 2020 est,
541 1971 677 2009 ultima
705 1973 863 2021 stropha
883 1984 905 2010 a
926 1973 1049 2011 neniis
1076 1972 1123 2011 ad
1150 1973 1270 2011 levius
1295 1973 1484 2021 plectrum
1505 1973 1657 2011 Musam

257 2047 423 2088 revocat,
452 2041 494 2079 G.
525 2039 602 2087 ΙΙΙ,
633 2042 670 2078 3.
700 2044 787 2089 post
811 2041 986 2079 iustitiae
1013 2053 1055 2079 ac
1089 2041 1325 2079 constantiae
1351 2046 1465 2089 atque
1492 2042 1659 2090 Augusti

257 2108 406 2158 laudes,
435 2107 519 2156 Quo
544 2109 658 2148 Musa
680 2108 831 2147 tendis?
867 2109 1005 2158 inquit,
1038 2109 1169 2147 desine
1192 2110 1371 2157 pervicax
1392 2108 1553 2147 Referre
1575 2121 1658 2148 ser-

257 2187 388 2213 mones
415 2177 586 2214 Deorum
614 2181 653 2214 et
680 2177 821 2224 Magna
852 2177 972 2214 modis
1003 2182 1163 2214 tenuare
1194 2178 1334 2224 parvis.
1368 2178 1493 2225 Atque
1525 2177 1657 2215 eodem

256 2247 371 2293 pacto
397 2244 459 2282 hic
487 2256 550 2283 res
577 2246 705 2294 agitur
732 2257 804 2284 non
832 2249 1031 2294 narratur,
1059 2245 1273 2283 revocantis
1300 2248 1428 2283 autem
1455 2257 1659 2294 personam

255 2324 328 2350 non
352 2313 435 2360 ipse
457 2312 683 2360 Propertius
705 2314 773 2350 sed
794 2314 1028 2361 horoscopus
1051 2314 1224 2350 sustinet.
1245 2313 1371 2361 thue
1392 2325 1513 2360 genus
1533 2315 1659 2361 ipsum

257 2380 440 2419 carminis
463 2380 557 2418 nihil
577 2381 693 2420 habet
724 2380 956 2424 offensionis,
986 2381 1039 2419 ita
1067 2392 1113 2419 ne
1141 2393 1162 2419 a
1188 2381 1273 2420 loco
1301 2381 1454 2431 quidem
1480 2387 1526 2420 eo
1549 2392 1658 2431 quem

256 2451 296 2486 in
318 2461 465 2487 summa
488 2449 602 2487 huius
624 2450 715 2487 libri
738 2451 884 2487 obtinet
919 2451 1084 2487 alienum
1111 2455 1180 2488 est.
1210 2451 1264 2489 Ut
1290 2452 1388 2488 enim
1411 2462 1539 2489 earum
1562 2462 1658 2497 quae
