1862 2676
899 43 1179 99 —86—‘

394 178 521 228 Negat
542 180 588 216 at
606 177 646 215 in
666 187 723 215 vs.
748 177 814 215 23.
839 168 1143 215 iustam'habere
1165 178 1460 226 oppositionem.
1504 177 1586 218 Gur
1607 181 1722 229 neget

307 259 384 287 non
414 246 533 286 addit.
576 244 616 284 Si
649 245 741 294 quid
771 247 902 283 tamen
931 244 1025 284 licet
1056 245 1261 293 conficere,
1293 246 1366 286 hoc
1397 246 1526 286 dicere
1551 246 1718 297 videtur,

310 315 420 354 mihi
442 313 543 363 quod
564 316 625 352 est
645 316 735 362 post
755 315 813 361 at,
837 312 980 351 nemini
1000 313 1065 351 alii
1086 313 1240 362 opponi,
1262 324 1348 352 cum
1364 314 1474 363 prius
1489 314 1605 354 etiam
1618 313 1719 364 Cyn-

308 384 389 422 thia
410 383 494 432 ipsa
517 381 565 421 de
587 393 627 421 se
648 381 843 430 loquatur.
887 382 943 420 Ac
977 392 1091 430 saepe
1114 380 1268 430 quidem
1287 392 1500 430 pronomen
1521 383 1721 431 personale

308 450 465 489 additur
486 449 542 488 ita
561 449 610 487 ad
632 449 940 487 coniunctionem.
960 452 1017 496 at,
1040 453 1084 487 ut
1104 448 1171 487 alii
1186 460 1375 497 personae
1391 453 1619 499 opponatur,
1641 451 1721 489 sive

308 530 355 557 ea
384 518 576 568 oppositio
609 517 703 566 ipsis
734 517 909 566 personis
936 516 1171 567 continetur,
1205 517 1285 556 sive
1307 528 1393 556 cum
1413 518 1463 557 iis
1484 520 1585 558 totas
1606 518 1722 558 simul

308 586 521 625 sententias
541 585 797 634 amplectitur.
840 584 943 623 Illud
965 587 1025 623 est
1045 585 1083 622 in
1105 585 1177 634 IV,
1201 587 1239 634 3,
1264 586 1338 623 29:

427 693 481 730 At
503 692 595 729 mihi
616 702 703 730 cum
724 694 858 729 noctes
880 690 1033 729 induxit
1052 690 1204 739 Vesper
1223 702 1373 730 amaras
1388 713 1441 721 —

309 798 374 837 ubi
394 798 593 836 Arethusa
616 809 656 836 se
677 797 848 846 Lycotae
868 798 1046 846 opponit;
1069 797 1142 846 ΙΙΙ,
1167 799 1234 846 25,
1263 800 1327 836 11.

431 905 483 942 At
504 908 543 942 te
565 904 698 943 celatis
719 906 825 942 aetas
846 904 974 952 gravis
994 907 1132 952 urgeat
1152 904 1325 942 annis·—

311 1009 376 1048 ubi
398 1009 629 1058 Propertius
651 1008 856 1057 Cynthiam
878 1009 952 1047 sibi
975 1009 1153 1057 opponit;
1176 1009 1225 1057 ΙΙ,
1252 1011 1320 1057 33,
1346 1011 1412 1048 21.

429 1116 484 1153 At
504 1119 547 1152 tu
570 1126 667 1163 quae
688 1118 821 1152 nostro
844 1114 1003 1152 nimium
1024 1114 1175 1162 placata
1199 1114 1332 1152 dolore
1354 1125 1462 1152 es—

310 1221 379 1259 ubi
399 1221 496 1259 Isidi
518 1221 673 1269 opponit
696 1220 917 1268 Cynthiam;
939 1220 992 1267 II,
1021 1222 1085 1267 16,
1113 1221 1182 1257 13:

429 1327 482 1365 At.
503 1329 546 1365 tu
568 1338 666 1365 nunc
689 1329 823 1364 nostro
845 1326 976 1364 Venus
998 1337 1020 1364 o
1044 1337 1229 1364 succurre
1251 1326 1374 1364 dolori
1388 1348 1442 1354 -

313 1432 379 1470 ubi
403 1431 595 1480 Cynthiae
616 1430 832 1478 Venerem
854 1431 905 1478 II,
931 1433 967 1478 5,
999 1432 1065 1468 17:

431 1539 484 1576 At
506 1541 546 1576 tu
569 1548 640 1585 per
661 1537 835 1575 dominae
857 1537 1014 1575 Iunonis
1037 1537 1165 1575 dulcia
1185 1537 1270 1575 iura

491 1605 612 1644 Parce
635 1605 710 1644 tuis
732 1605 867 1644 animis
889 1605 968 1644 vita
989 1616 1126 1644 nocere
1149 1605 1288 1644 tibi—

315 1722 380 1760 ubi
401 1721 605 1771 Cynthiam
628 1722 720 1769 sibi;
745 1722 837 1760 item
859 1722 890 1769 Ι,
916 1723 953 1770 6,
981 1723 1052 1760 31:

433 1838 485 1876 At
505 1840 548 1876 tu
570 1848 638 1876 seu
659 1837 782 1876 mollis
805 1848 879 1886 qua
900 1837 1024 1876 tendit
1045 1836 1151 1876 Ionia
1173 1847 1240 1875 seu
1263 1847 1336 1886 qua

493 1906 615 1954 Lydia
635 1906 785 1944 Pactoli
806 1906 921 1954 tingit
943 1909 1049 1943 arata
1071 1905 1200 1953 liquor
1215 1927 1268 1933 —

434 1995 489 2000 —
512 1973 612 2011 Tum
634 1973 707 2011 tibi
729 1973 761 2010 si
783 1984 857 2021 qua
878 1973 953 2011 mei
974 1972 1101 2010 veniet
1122 1983 1197 2010 non
1220 1973 1416 2011 immemor
1438 1973 1546 2022 hora,

492 2041 635 2080 Vivere
657 2053 718 2080 me
740 2040 836 2080 duro
858 2041 984 2080 sidere
1007 2044 1135 2080 certus
1157 2041 1302 2079 eris—

318 2156 385 2194 ubi
407 2168 491 2195 cum
513 2162 601 2196 ante
623 2157 699 2196 iam
722 2158 769 2196 de
790 2158 930 2197 misera
941 2157 1136 2206 Propertii
1160 2157 1381 2196 conditione
1404 2157 1558 2196 dicatur
1579 2169 1727 2197 omnem

319 2225 597 2272 oppositionem
620 2226 657 2263 in
681 2227 857 2274 personis
877 2226 1049 2273 positam*
1063 2230 1234 2275 apparet.
1259 2247 1315 2253 —
1337 2225 1483 2264 Contra
1504 2229 1544 2265 et
1564 2237 1728 2275 persona

317 2303 507 2350 personae
529 2297 568 2331 et
588 2294 702 2332 simul
723 2293 915 2333 sententia
936 2294 1147 2333 sententiae
1169 2294 1375 2344 opponitur
1394 2294 1467 2343 III,
1494 2296 1559 2344 19,
1585 2296 1656 2334 25:

436 2400 491 2438 At
514 2410 580 2438 vos
599 2400 780 2450 innuptae
802 2399 952 2439 felicius
973 2401 1074 2440 urite
1097 2401 1226 2440 taedas
1241 2423 1292 2430 —-
