1862 2676
765 86 996 125 —49‚-

184 192 277 239 nihil
297 199 434 239 attinet
464 211 648 249 quaerere
682 202 747 251 qui
778 202 879 242 alins
901 202 966 241 illo
991 203 1126 242 relicto
1155 202 1250 241 ordo
1280 201 1401 251 possit
1425 199 1576 239 inferri.

184 268 265 307 Iam
290 267 485 306 dicendum
513 272 574 307 est
592 269 639 307 de
660 281 732 308 vss.
761 271 839 308 103
863 291 917 298 -
944 267 1036 309 118.

301 377 385 414 Hoc
405 387 525 425 neque
539 387 749 415 ‘arenosum
768 376 914 425 Libyae
936 378 1036 415 Iovis
1058 378 1223 425 explicat
1244 380 1406 424 antrum,

358 445 438 483 Aut
459 444 531 483 sibi
553 445 774 483 commissos
793 443 892 483 fibra
912 444 1038 483 locuta
1059 444 1174 488 Deos,

191 516 283 551 105.
303 512 382 550 Aut
404 514 435 551 si
458 513 543 562 quis
565 518 686 551 motas
708 513 870 551 cornicis
893 514 1055 551 senserit
1076 514 1169 561 alas,

359 580 502 620 Umbra
523 592 642 630 neque
664 592 684 619 e
705 581 864 629 magicis
884 586 1036 620 mortua
1056 582 1187 631 prodit
1207 581 1316 631 aquis
1334 593 1343 619 t

301 650 531 698 Aspicienda
552 651 613 688 via
635 655 693 688 est
715 650 810 688 caeli
832 662 1040 698 versusque
1062 663 1130 699 per
1153 655 1257 689 astra.

361 718 517 756 Trames
540 723 579 756 et
600 718 647 756 ab
669 718 773 756 zonis
796 718 960 767 quinque
983 719 1147 766 petenda
1168 718 1273 757 fides

300 786 521 834 Exemplum
546 797 661 834 grave
683 786 757 823 erit
779 785 962 824 Calchas:
986 798 1147 834 namque
1169 787 1308 824 Aulide
1330 787 1443 824 solvit

189 854 282 891 110.
359 853 427 890 Ille
449 855 542 891 bene
564 854 766 891 haerentes
788 853 833 890 ad
856 854 919 901 pia
942 852 1040 891 Saxa
1061 856 1178 901 rates,

300 922 406 960 Idem
428 921 746 970 Agamemnoniae
767 919 912 958 ferrum
933 922 1084 960 cervice
1107 921 1253 969 puellae

356 989 496 1037 Tinxit,
520 992 558 1026 et
579 989 734 1026 Atrides
757 989 840 1026 vela
862 993 1022 1027 cruenta
1043 989 1171 1027 dedit:

299 1057 379 1095 Nec
401 1057 550 1095 rediere
571 1061 695 1095 tamen
718 1057 860 1094 Danai:
884 1062 924 1095 tu
947 1057 1074 1096 diruta
1095 1057 1225 1096 fletum

357 1126 558 1174 Supprime
581 1129 619 1163 et
640 1125 832 1163 Euboicos
854 1126 1018 1174 respice,
1040 1126 1166 1173 Troia,
1189 1126 1306 1163 sinus.

135 1194 138 1198 '
188 1196 279 1232 115.
298 1194 484 1242 Nauplius
508 1194 649 1231 ultores
672 1194 739 1231 sub
762 1198 908 1232 noctem
931 1194 1096 1242 porrigit
1118 1194 1236 1241 igneS‚

355 1261 407 1298 Et
428 1265 535 1299 natat
556 1261 701 1298 exuviis
724 1261 885 1300 Graecia
906 1272 1040 1309 pressa
1061 1262 1151 1299 suis.

297 1329 434 1367 Victor
456 1328 616 1378 Oiliade,
640 1340 731 1377 rape
753 1341 852 1367 nunc
868 1334 906 1367 et
927 1330 1041 1378 dilige
1063 1334 1199 1377 vatem,

356 1396 476 1444 Quam
497 1401 602 1434 vetat
623 1397 731 1434 avelli
754 1402 858 1435 veste
880 1397 1056 1435 Minerva
1076 1409 1156 1435 sua.

181 1504 260 1542 Hos
288 1505 387 1541 enim
414 1504 713 1542 Luettiohannes
738 1516 775 1551 p.
802 1506 866 1541 35.
891 1516 939 1542 ss.
963 1505 1049 1542 ideo
1081 1505 1163 1542 loco
1191 1508 1339 1552 movet,
1373 1505 1474 1552 quod
1498 1506 1575 1552 pri—

181 1584 282 1610 mnm
310 1572 391 1610 hoc
418 1572 472 1621 (in
494 1583 548 1610 vs.
579 1572 687 1620 103.)
713 1571 803 1620 quid
835 1572 883 1609 sit
913 1584 986 1610 non
1017 1572 1274 1620 intelligatur3
1308 1572 1445 1610 deinde
1475 1573 1575 1621 quod

184 1652 319 1688 parum
341 1640 492 1688 planum
520 1641 570 1677 sit
597 1642 705 1678 cuius
737 1640 792 1677 rei
814 1639 976 1679 Calchas
1006 1641 1156 1678 dicatur
1189 1641 1416 1689 exemplum,
1444 1642 1578 1690 quippe

181 1709 245 1757 qui
277 1719 349 1746 non
376 1708 530 1756 ignarus
557 1708 674 1746 fuisse
701 1708 943 1757 vaticinandi,
973 1708 1039 1747 sed
1065 1708 1228 1747 oraculis
1259 1709 1337 1746 suis
1359 1709 1512 1747 Danaos
1538 1710 1576 1747 in

181 1777 335 1824 exilium
373 1788 528 1815 vocasse
560 1777 720 1825 dicatur,
750 1781 792 1815 ut
828 1789 903 1815 vss.
942 1779 1019 1815 109
1045 1801 1098 1805 —
1126 1779 1217 1815 118.
1251 1777 1345 1815 fides
1376 1777 1577 1826 horoscopi

181 1858 254 1884 non
275 1848 460 1893 augeatur
487 1846 553 1883 sed
586 1846 816 1893 invertatur3
849 1849 930 1883 tum
961 1846 1062 1893 quod
1095 1857 1167 1883 non
1199 1848 1384 1893 appareat
1414 1857 1489 1893 quo
1510 1846 1575 1885 ille

181 1913 340 1952 consilio
353 1913 504 1951 Troiam
525 1918 674 1961 captam
691 1914 909 1952 consoletur
930 1914 1159 1962 Aiacemque
1175 1913 1332 1951 libidine
1349 1918 1575 1961 pereuntem

180 1980 370 2028 derideat;
404 1981 567 2029 denique
594 1982 697 2030 quod
719 1993 774 2020 vs.
804 1984 896 2020 102.
920 1993 1033 2019 versu
1060 1984 1153 2019 119.
1179 1981 1318 2029 optime
1345 1981 1574 2030 excipiatur.

178 2050 237 2089 Ex
257 2050 316 2088 his
338 2050 571 2099 argumentis
592 2055 829 2099 postremum
859 2051 915 2089 ita
942 2051 1017 2088 vim
1038 2050 1205 2098 habebit,
1234 2050 1265 2088 si
1294 2062 1380 2088 eum
1407 2050 1472 2099 qui
1493 2055 1574 2090 tra-

178 2119 282 2157 ditus
304 2123 362 2156 est
384 2130 564 2157 versuum
586 2119 757 2157 ordinem
777 2131 853 2157 non
874 2130 983 2167 posse
1000 2119 1145 2157 servari
1163 2119 1465 2156 demonstratum
1481 2120 1575 2167 erit;

177 2187 216 2224 id
237 2187 361 2235 ipsum
377 2191 503 2225 autem
521 2187 567 2224 iis
589 2199 681 2235 quas
701 2188 990 2225 memoravimus
1011 2187 1223 2224 rationibus
1248 2186 1468 2234 neutiquam
1485 2199 1574 2226 con-

177 2254 358 2292 vincitur.
371 2254 468 2292 Nam
490 2255 569 2292 hoc
592 2255 639 2292 ad
655 2267 801 2293 omnem
822 2255 1024 2303 horoscopi
1043 2254 1313 2292 divinationem
1330 2254 1573 2294 referendum

179 2326 249 2371 est,
278 2323 384 2360 cuius
411 2322 520 2360 modo
548 2322 622 2361 duo
650 2324 824 2372 exempla
854 2323 1003 2372 prolata
1030 2326 1136 2371 sunt,
1169 2326 1212 2360 ut
1238 2322 1342 2361 dicat
1368 2323 1432 2361 ille
1460 2324 1573 2361 talem

178 2392 202 2429 i.
228 2402 260 2428 e.
285 2394 362 2428 tam
386 2402 514 2429 veram
541 2391 809 2430 divinationem
840 2404 911 2430 non
940 2391 1089 2430 aliunde
1117 2392 1185 2430 sed
1206 2404 1252 2430 ex
1275 2392 1469 2430 sideribus
1490 2402 1573 2429 esse

181 2460 438 2507 repetendam.
463 2459 525 2497 Sic
546 2459 617 2498 hic
643 2471 714 2508 pro
741 2461 825 2499 tali
852 2464 930 2499 tam
958 2472 1071 2510 saepe
1099 2461 1240 2499 dicitur
1263 2465 1308 2499 ut
1334 2459 1506 2507 exempla
1527 2472 1575 2498 ex

1339 2538 1356 2565 4
