1862 2676
832 31 1063 72 -5—

240 151 357 198 atque
388 150 428 187 et
456 146 891 198 perfidumla‘mate'rem
925 147 1351 203 petas.(23.s·2³4.)0³et
1377 122 1534 197 meana?
1648 169 1657 178 ,-
1721 167 1724 171 .

242 216 414 266 negligas
445 215 515 266 (25
537 237 594 247 -
612 217 699 264 28),
732 218 772 257 et
792 216 842 258 ,εὶ
873 214 1252 266 abessemffturpiora
1273 200 1599 263 ammomum

243 296 305 325 res
319 285 404 336 (29.
430 283 511 334 30).
535 284 599 325 Sic
620 285 711 324 dum
729 285 768 324 in
784 284 949 334 ,perfidia
969 285 1114 326 amicae
1141 285 1497 342 versatur„proprii
1517 274 1644 327 damni

244 353 370 393 dolore
397 352 584 393 imbutum
610 364 696 392 esse
720 356 894 402 apparet,
927 353 992 402 qui
1023 353 1176 403 quidem
1207 354 1388 393 increscit
1419 352 1542 404 dolor,
1557 352 1644 404 ‚quo
1680 406 1682 409 ,

245 423 363 472 magis
399 422 506 462 illam
551 422 679 461 verbis
715 421 942 472 amplificat,
993 433 1079 462 mox
1113 425 1240 462 autem
1274 423 1314 462 in
1349 422 1644 473 indignationem

242 491 395 541 transit,
417 492 481 531 ubi
502 492 571 541 (35
594 513 651 520 —-
675 491 745 541 36)
765 490 924 530 eandem
943 490 992 529 ab
1014 491 1116 530 omni
1136 502 1228 531 sexu
1248 491 1426 531 muliebri
1445 491 1644 541 perfidiam

244 560 431 600 committi
451 560 575 598 animo
595 559 790 608 proponit3
813 558 914 598 unde
935 570 1020 599 cum
1045 559 1094 599 ad
1113 571 1220 598 suam
1241 560 1493 600 calamitatem
1513 572 1643 599 rever-

245 630 340 669 titur
361 629 430 678 (37
457 650 506 654 —
532 627 617 677 40),
639 630 679 665 et
700 627 835 665 cedere
857 626 1032 665 fortunae
1059 627 1256 666 constituit
1285 631 1325 666 et
1349 628 1387 666 in
1412 628 1553 667 iustam
1582 628 1644 667 de-

246 697 501 748 sperationem
538 695 745 735 descendit.
780 695 856 739 Sed
887 695 927 733 in
958 695 1029 735 hac
1068 695 1330 744 desperatione
1364 698 1543 746 tanquam
1577 708 1645 736 sua

245 778 286 806 se
308 766 451 805 virtute
472 764 631 803 involvit
651 768 691 803 et
711 775 786 803 non
808 765 887 803 sine
908 764 1011 803 tristi
1033 765 1196 813 quadam
1217 765 1411 814 voluptate
1432 764 1471 803 in
1492 777 1560 804 sua
1570 764 1644 804 fide

245 846 357 885 quam
368 837 408 873 et
417 833 582 873 servarit
593 835 633 871 et
644 833 694 871 sit
706 835 929 871 servaturus
946 833 1235 883 contemplanda
1244 833 1496 884 versatur(45
1505 834 1642 883 —46)‚

246 915 322 954 qua
344 901 577 951 cogitatione
598 901 679 950 ipse
698 912 739 939 se
763 901 1041 949 aliquantulum
1067 901 1280 941 consolatus
1297 901 1449 941 ultionis
1468 901 1643 940 acerbam

245 970 476 1017 voluptatem
497 969 623 1007 animo
644 968 846 1017 praecipit,
869 979 955 1006 cum
975 969 1082 1016 prius
1107 969 1347 1017 tranquillior
1372 969 1520 1008 aemulo
1541 969 1643 1015 subi·

244 1043 322 1078 tam
341 1040 506 1077 mortem
527 1039 647 1086 optat,
670 1035 808 1075 deinde
829 1037 974 1076 maiore
996 1037 1084 1076 odio
1105 1037 1284 1077 incensus
1300 1038 1382 1077 eius
1397 1041 1561 1077 mortem
1577 1049 1644 1077 sua

245 1118 287 1145 se
303 1109 425 1145 morte
440 1106 604 1145 libenter
618 1105 907 1153 redempturum
922 1105 1093 1144 declarat
1107 1105 1176 1155 (47
1193 1127 1244 1134 —
1260 1106 1341 1154 52).
1361 1106 1466 1144 Haec
1483 1107 1643 1145 maxime

247 1177 372 1216 omnia
392 1180 482 1225 apta
501 1176 603 1215 inter
626 1187 667 1214 se
689 1179 728 1214 et
752 1186 921 1214 connexa
942 1187 1025 1214 esse
1052 1178 1091 1214 et
1110 1187 1181 1224 per
1201 1187 1241 1215 se
1263 1180 1321 1215 est
1341 1176 1584 1225 perspicuum
1605 1179 1644 1215 et

246 1245 408 1285 aliorum
439 1244 649 1283 carminum
681 1243 927 1282 similitudine
957 1242 1068 1282 facile
1104 1244 1359 1283 demonstrari
1392 1249 1529 1294 potest.
1568 1244 1643 1283 Sed

246 1314 432 1353 mittimus
459 1315 600 1362 cetera,
628 1313 674 1351 de
701 1312 840 1360 quibus
871 1323 982 1351 nemo
1009 1312 1214 1352 dubitavit:
1244 1316 1283 1351 at
1310 1324 1423 1362 quam
1448 1316 1535 1362 apte
1556 1325 1642 1352 ver-

246 1394 309 1422 sus
331 1384 399 1421 41.
421 1381 640 1431 superiores
661 1381 828 1429 excipiat
848 1381 919 1419 hoc
942 1384 1000 1420 est
1026 1381 1252 1430 gravissimo
1280 1382 1516 1430 documento,
1542 1380 1643 1430 quod

246 1452 463 1499 ubicunque
492 1450 717 1498 Propertius
745 1450 792 1488 de
828 1461 896 1487 sua
916 1449 990 1488 fide
1010 1450 1195 1498 loquitur,
1216 1453 1483 1498 praeterquam
1502 1450 1540 1487 in
1562 1450 1643 1497 ipso

246 1519 355 1558 initio
387 1517 567 1557 carminis
598 1517 673 1567 ΙΙΙ,
701 1519 784 1566 15.,
811 1516 917 1565 prius
949 1517 996 1556 de
1027 1516 1186 1566 perfidia
1227 1520 1266 1556 et
1299 1517 1568 1565 inconstantia,
1605 1520 1644 1555 et

247 1590 402 1636 praeter
422 1586 474 1635 II,
499 1588 566 1635 20,
584 1588 648 1624 13.
668 1590 706 1624 et
717 1586 768 1633 II,
788 1587 826 1633 7,
848 1587 871 1623 7
878 1615 901 1633 .,
918 1585 985 1623 ubi
1005 1597 1028 1623 a
1049 1597 1090 1624 se
1110 1585 1293 1634 perfidiae
1305 1586 1446 1625 crimen
1460 1585 1640 1633 defendit,

248 1657 287 1693 et
306 1656 460 1704 praeter
479 1653 532 1702 II,
557 1654 624 1703 25,
654 1655 708 1702 9.,
736 1652 803 1691 ubi
823 1652 870 1691 de
891 1654 1052 1691 aliarum
1076 1664 1203 1692 rerum
1229 1654 1482 1693 inconstantia
1507 1657 1567 1692 est
1585 1654 1641 1692 lo-

250 1726 373 1770 cutus,
404 1722 542 1770 ubique
575 1722 621 1760 de
653 1722 776 1761 aliena
806 1720 967 1771 perfidia
996 1721 1177 1770 disputat.
1212 1722 1316 1771 Quos
1347 1723 1451 1761 locos
1480 1724 1542 1762 hic
1567 1736 1641 1763 non

249 1801 492 1841 gravaremur
532 1789 771 1840 exscribere,
803 1790 873 1828 nisi
898 1791 986 1838 post
1011 1789 1146 1827 iisdem
1172 1789 1219 1828 ad
1245 1789 1314 1839 IV,
1338 1792 1375 1828 7.
1400 1801 1495 1839 opus
1521 1795 1639 1830 esset:

250 1871 347 1898 nunc
373 1858 540 1897 numeris
570 1861 724 1897 notasse
756 1859 848 1897 satis
880 1857 1078 1896 habemus:
1117 1857 1186 1907 IV,
1220 1860 1258 1907 7,
1293 1861 1359 1897 51.
1392 1859 1465 1908 ΙΙΙ,
1500 1861 1567 1908 25,
1603 1862 1639 1899 3.

248 1928 299 1977 ΙΙ,
325 1929 391 1976 21,
418 1928 483 1966 19.
508 1927 658 1976 24,33.
683 1928 913 1976 39.17,17.
939 1928 977 1975 9,
1002 1927 1151 1965 25.41.
1177 1927 1295 1976 8,13.
1322 1929 1360 1976 6,
1384 1927 1495 1976 41.Ι,
1523 1929 1639 1976 19,5.

255 1993 1186 2045 18,11.15,29.12,19.11,21.8,21.Nec
1208 2006 1358 2044 semper
1379 1995 1509 2034 eodem
1529 1999 1642 2045 pacto

251 2076 274 2103 a
298 2062 456 2112 perfidia
477 2063 524 2102 ad
544 2062 657 2102 fidem
682 2064 843 2112 transit,
870 2074 982 2112 saepe
1003 2062 1239 2112 simpliciter,
1262 2063 1451 2102 interdum
1471 2075 1540 2112 per
1560 2075 1640 2103 mo-

252 2132 482 2171 derationem
509 2131 711 2180 qnamdam
737 2132 850 2171 animi
871 2134 915 2170 et
946 2131 1161 2181 ignoscendi
1192 2132 1439 2181 clementiam,
1467 2136 1507 2171 at
1531 2132 1640 2181 plane

252 2200 384 2240 similis
405 2199 588 2239 transitus
609 2202 667 2239 est
686 2200 725 2238 in
745 2200 795 2250 II,
822 2201 887 2250 17,
913 2201 963 2238 17
982 2211 1011 2238 s.

374 2338 437 2375 15.
460 2336 571 2375 Nunc
591 2336 716 2375 iacere
738 2347 759 2374 e
780 2335 874 2375 duro
896 2347 1034 2385 corpus
1054 2335 1156 2385 licet,
1178 2335 1306 2385 impia,
1329 2348 1420 2375 saxo

513 2403 668 2444 Sumere
689 2407 727 2444 et
746 2405 785 2443 in
805 2407 954 2444 nostras
974 2405 1069 2443 trita
1088 2415 1232 2443 venena
1252 2416 1394 2444 manus.
1419 2427 1472 2432 ——
