1862 2676
864 43 1131 99 --106-¹

387 180 452 217 67.
485 178 585 216 Filia
607 178 860 226 tuspecimen
880 188 1066 216 censurae
1086 181 1177 216 nata
1196 181 1388 227 paternae,

542 245 618 286 Fac
639 249 772 286 teneas
794 257 907 285 unum
928 257 998 285 nos
1018 245 1169 286 imitata
1189 246 1325 285 virum.
1349 268 1404 274 --

283 361 389 402 Idem
410 365 497 402 ante
519 374 574 402 vs.
600 364 665 401 63.
694 362 853 402 collocat
873 373 929 402 vs.
954 363 1021 402 97.
1045 374 1074 401 s.

446 481 497 520 Et
522 480 619 519 bene
644 480 781 528 habet;
805 490 1004 529 numquam
1027 482 1150 518 mater
1169 479 1346 529 lugubria
1371 480 1529 530 sumpsi:

506 550 627 588 Venit
646 550 684 588 in
707 550 884 598 exequias
906 553 986 588 tota
1008 553 1160 588 caterva
1179 560 1284 588 meas
1304 572 1359 579 -—

283 656 370 717 quia
393 670 433 706 et
453 667 642 706 sententia
667 667 748 705 eius
773 666 848 705 loci
873 677 959 705 cum
985 666 1182 715 superiore
1208 666 1416 705 liberorum
1449 679 1675 708 commemo-

283 737 430 775 ratione
462 735 686 782 cohaereat,
721 746 843 783 neque
872 735 990 772 verba
1020 735 1077 773 Et
1106 734 1214 772 bene
1245 735 1381 773 habet
1409 735 1502 774 alibi
1531 737 1678 784 possint

284 805 377 843 satis
397 804 573 853 intelligi.
605 803 849 841 Antecedunt
871 805 997 841 autem
1017 802 1059 840 hi
1079 813 1227 841 versus:

328 923 395 959 95.
419 920 527 968 Quod
548 920 640 958 mihi
662 919 878 957 detractum
900 897 971 967 est,
993 921 1141 956 vestros
1162 918 1320 956 accedat
1340 918 1388 956 ad
1408 930 1539 958 anuos.

477 987 587 1026 Prole
609 998 692 1025 mea
711 987 883 1025 Paullum
906 987 959 1025 sic
980 986 1087 1025 iuvet
1107 997 1193 1024 esse
1217 997 1357 1026 senem.
1385 1009 1433 1015 —

282 1116 335 1154 At
360 1115 496 1154 melius
521 1114 568 1153 de
593 1114 641 1152 iis
669 1113 783 1152 etiam
812 1124 906 1162 quos
933 1115 1127 1162 oppugnat
1150 1112 1244 1152 locis
1274 1112 1493 1162 iudicasset,
1526 1113 1558 1152 si
1585 1115 1691 1153 satis-

285 1184 568 1223 considerasset
589 1194 683 1232 quae
705 1182 818 1220 huius
841 1182 985 1230 elegiae
1002 1185 1100 1220 esset
1115 1181 1213 1219 ratio
1231 1185 1270 1220 et
1286 1183 1523 1230 compositio.
1547 1181 1679 1222 Omnis

285 1253 384 1291 enim
401 1252 483 1290 eius
505 1251 690 1289 orationis
712 1261 807 1298 quae
828 1252 917 1298 post
937 1249 1063 1287 Paulli
1085 1249 1380 1288 consolationem
1402 1250 1519 1288 sivea
1535 1262 1590 1289 vs.
1613 1254 1675 1289 15.

284 1321 375 1370 sive,
408 1320 440 1358 si
466 1319 665 1358 exordium
693 1318 860 1367 excipias
887 1330 909 1356 a
934 1329 988 1356 vs.
1015 1319 1081 1356 29.
1110 1317 1273 1365 orditur,
1299 1322 1427 1367 partes
1453 1323 1543 1357 sunt
1568 1319 1679 1370 duae,

285 1400 444 1437 quarum
469 1387 631 1426 inferior
661 1387 698 1424 in
730 1387 938 1424 liberorum
970 1389 1009 1424 et
1037 1386 1165 1424 mariti
1195 1389 1328 1424 mutua
1357 1387 1678 1426 commendatione

283 1457 536 1505 consumitur,
574 1455 747 1505 superior
783 1455 822 1493 in
857 1465 995 1503 genere
1031 1453 1202 1493 funebris
1231 1454 1460 1493 laudationis
1491 1459 1677 1501 versatur.

285 1525 380 1564 Cum
401 1529 530 1564 autem
551 1536 620 1572 per
640 1524 711 1562 hoc
739 1535 848 1572 opus,
875 1527 918 1561 ut
942 1522 1218 1570 Quinctilianus
1243 1523 1310 1571 ait,
1337 1534 1411 1561 non
1434 1535 1507 1561 una
1528 1524 1590 1562 via
1611 1525 1679 1563 du-

285 1597 406 1643 catur,
429 1592 609 1631 Cornelia
629 1591 731 1629 hunc
759 1591 928 1629 ordinem
955 1591 993 1628 in
1021 1590 1314 1629 demonstranda
1340 1591 1417 1629 vita
1442 1591 1611 1640 adhibet,
1638 1597 1679 1631 ut

283 1663 448 1711 primum
479 1661 630 1709 generis
661 1660 860 1698 nobilitate
891 1662 1113 1707 memorata,
1148 1659 1284 1697 deinde
1315 1659 1548 1698 matrimonii
1578 1659 1680 1700 facta

283 1731 475 1768 mentione
502 1741 586 1767 cum
617 1728 815 1775 utriusque
847 1727 1032 1775 dignitate
1063 1738 1211 1765 morum
1242 1739 1398 1765 suorum
1428 1727 1558 1766 laudes
1590 1740 1679 1767 con-

283 1802 388 1837 texat
408 1797 597 1846 fidemque
619 1795 851 1835 matrimonii
871 1798 910 1833 et
929 1796 968 1833 iu
990 1799 1149 1834 matrem
1170 1796 1352 1844 pietatem
1373 1796 1582 1846 praedicet,
1599 1800 1677 1835 tum

283 1867 331 1905 ab
353 1867 425 1905 hac
446 1870 625 1914 tanquam
648 1865 695 1903 ad
721 1865 893 1913 praemia
919 1864 1001 1902 eius
1027 1864 1075 1903 ad
1102 1864 1237 1903 mortis
1265 1869 1485 1903 ornamenta
1510 1870 1680 1904 transeat

283 1935 398 1983 inque
420 1934 466 1971 iis
494 1934 638 1982 matris,
666 1933 783 1981 urbis,
811 1933 977 1981 Augusti
1003 1933 1328 1982 comprobationes
1354 1936 1393 1972 et
1418 1933 1556 1982 luctus,
1584 1934 1680 1973 libe-

284 2013 350 2040 ros
366 2004 476 2040 natos
492 2004 531 2039 et
547 2001 789 2049 superstites,
812 2000 943 2039 fratris
963 2001 1127 2040 honores
1149 2005 1356 2041 enumeret.
1381 2002 1443 2040 Sic
1465 2002 1564 2040 enim
1585 2002 1679 2041 haec

283 2081 367 2109 esse
389 2065 492 2112 inter
513 2081 553 2108 se
576 2080 746 2107 connexa
765 2072 808 2106 ut
828 2073 1003 2117 putemus
1028 2073 1066 2107 et
1090 2070 1361 2118 praeceptione
1389 2081 1522 2108 eorum
1543 2071 1606 2119 qui
1632 2071 1678 2109 de

283 2142 366 2177 arte
387 2137 568 2177 laudandi
589 2138 822 2186 scripserunt
849 2140 886 2175 et
912 2138 1097 2177 similibus
1124 2138 1283 2177 aliorum
1312 2138 1595 2177 laudationibus
1619 2139 1679 2177 vel
1730 2131 1733 2135 ’

284 2207 607 2246 consolationibus
629 2229 676 2234 —
698 2217 784 2243 nam
806 2217 941 2255 magna
961 2218 1050 2255 pars
1072 2209 1131 2245 est
1152 2207 1422 2245 consolationis
1444 2206 1611 2245 laudatio
1625 2229 1675 2235 —

282 2275 517 2314 adducimur.
541 2275 640 2314 Nam
652 2275 800 2313 Auctor
817 2273 864 2312 ad
880 2274 1112 2313 Herennium
1130 2275 1200 2324 III,
1219 2277 1255 2313 7.
1274 2279 1474 2324 postquam
1491 2276 1677 2324 quomodo

283 2344 331 2383 ab
364 2345 533 2384 externis
564 2344 699 2390 rebus,
733 2355 754 2382 a
787 2344 956 2392 corporis
990 2345 1210 2393 commodis,
1244 2344 1289 2383 ab
1326 2344 1439 2382 animi
1470 2344 1678 2383 virtutibus

270 2412 429 2451 laudari
452 2412 672 2451 conveniret
693 2411 881 2460 exposuit,
905 2412 945 2450 Si
961 2411 1162 2461 interierit,
1185 2412 1320 2461 inquit,
1343 2411 1555 2450 cuiusmodi
1576 2423 1677 2451 mors
