1862 2676
943 63 1175 100 „70-

363 177 568 224 habemus,
601 177 665 224 qui
696 177 856 225 primum
888 177 1027 217 librum
1057 177 1309 226 eligendis-et
1339 175 1554 225 capiendis,
1581 175 1748 215 ,alterum

362 245 532 284 tenendis
553 245 688 294 puellis
709 246 856 285 tribuit.
878 244 953 294 Qui
974 246 1067 285 ordo
1087 256 1155 285 cur
1175 245 1237 284 hic
1258 248 1425 285 mutetur
1440 243 1550 284 facile
1565 243 1747 292 iutelligi-

363 317 438 351 tur.
472 312 523 351 Ut
553 314 650 351 enim
684 314 1062 363 artem-exponentis
1093 317 1152 352 est
1186 313 1233 352 ab
1264 325 1310 352 eo
1340 313 1440 363 quod
1471 313 1633 362 primum
1663 311 1748 350 fieri

362 385 513 428 oportet
538 382 721 430 incipere,
753 382 808 437 ita
833 384 867 421 ei
893 383 1039 431 puellae
1071 394 1167 430 quae
1192 382 1267 420 iam
1300 384 1421 421 utitur
1445 386 1615 420 amatore
1641 384 1747 418 recte

360 449 466 496 prius
496 450 731 497 praecipitur
761 451 948 500 quomodo
980 455 1150 490 amatore
1182 453 1361 489 utendum
1394 450 1456 498 sit,
1488 450 1622 488 deinde
1653 459 1746 497 quos

360 528 475 555 novos
496 522 684 556 amatores
706 519 789 568 capi
812 522 996 568 oporteat.
1021 517 1168 557 Versus
1191 520 1255 557 55.
1279 521 1319 556 et
1342 519 1417 557 56:

591 623 686 671 Quid
709 625 813 663 iuvat
836 631 969 663 ornato
992 625 1213 674 procedere,
1235 624 1325 672 vita,
1346 624 1480 673 capillo

649 692 699 731 Et
719 697 852 731 tenues
875 692 955 731 Coa
977 702 1079 732 veste
1101 705 1252 731 movere
1273 692 1376 731 sinus
1393 714 1440 720 —-

358 797 423 846 qui
446 809 490 836 ex
511 798 620 836 initio
644 798 673 846 l,
698 801 734 837 2.
758 799 909 848 repetiti
937 803 1038 848 sunt,
1066 803 1109 838 ut
1135 811 1157 838 a
1176 799 1431 847 Lachmanno,
1460 799 1513 838 ita
1532 811 1555 839 a
1576 798 1746 837 Luettio-

359 868 482 906 hanne
504 870 744 917 omittuntur,
768 882 912 908 summo
933 870 1030 919 iure,
1059 875 1101 908 ut
1120 870 1227 908 nobis
1248 868 1412 907 videtur.
1446 869 1546 907 Satis
1568 868 1666 905 enim
1689 872 1747 905 est

361 937 563 974 verisimile
586 948 663 985 ece,
688 950 771 975 cum
795 938 883 976 olim
903 939 939 975 in
963 938 1132 986 margine
1154 938 1236 975 eius
1257 948 1303 975 ex
1323 948 1395 985 quo
1416 936 1537 984 nostri
1558 935 1747 973 fluxerunt

359 1004 499 1041 codicis
531 1005 651 1042 notati
683 1008 821 1052 essent,
848 1008 981 1053 postea
1016 1005 1053 1042 in
1081 1004 1388 1043 transscribendo
1420 1004 1492 1051 ipsi
1519 1003 1659 1051 elegiae
1689 1003 1746 1039 in-

357 1075 481 1108 sertos
497 1082 592 1109 esse.
612 1074 664 1110 At
679 1072 919 1110 dissentimus
929 1084 1061 1109 rursus
1074 1084 1096 1110 a
1108 1071 1386 1110 Luettiohanne
1398 1071 1443 1109 de
1456 1083 1530 1109 vss.
1548 1074 1599 1109 59
1610 1071 1725 1107 —62
1738 1081 1746 1107 z

532 1188 630 1226 Dum
653 1192 789 1226 vernat
810 1189 974 1236 sanguis,
997 1188 1086 1226 dum
1108 1188 1215 1235 rugis
1237 1188 1384 1236 integer
1404 1199 1537 1236 annm,

590 1256 718 1303 Utere,
745 1268 790 1293 ne
812 1257 901 1306 quid
923 1268 1008 1294 cras
1030 1257 1124 1294 libet
1145 1256 1192 1294 ab
1214 1268 1279 1294 ore
1301 1257 1391 1294 dies.

531 1324 620 1363 Vidi
643 1336 712 1373 ego
735 1323 883 1362 odorati
906 1325 1050 1362 victura
1071 1323 1218 1362 rosaria
1239 1324 1365 1362 Paesti

590 1393 667 1431 Sub
688 1393 875 1430 matutino
898 1398 1004 1430 cocta
1023 1393 1148 1430 iacere
1170 1392 1287 1438 Noto3
1313 1414 1366 1420 —

356 1509 451 1545 quos
473 1498 535 1536 ille
556 1498 642 1536 ideo
662 1498 745 1536 loco
768 1501 902 1544 movet,
929 1498 1028 1547 quod
1050 1509 1231 1536 versuum
1253 1509 1346 1545 quos
1368 1498 1496 1545 sperni
1523 1498 1746 1546 Propertius

355 1566 516 1602 maxime
543 1566 760 1614 indignetur
786 1566 919 1603 ultimo
946 1566 1029 1603 loco
1056 1566 1283 1603 mentionem
1310 1564 1407 1609 fieri,
1439 1565 1486 1602 ad
1511 1566 1744 1604 iuventutem

355 1632 532 1670 utendam
565 1644 662 1681 quae
693 1633 917 1681 gravissima
953 1634 1003 1671 sit
1038 1632 1253 1671 adhortatio
1285 1632 1425 1680 impelli
1456 1632 1618 1681 puellam
1655 1637 1743 1672 ante

355 1705 503 1739 caetera
533 1705 741 1749 praecepta
772 1704 959 1748 oporteat,
993 1712 1079 1739 cum
1110 1701 1335 1748 praesertim
1365 1712 1409 1738 ea
1440 1702 1628 1739 sententia
1659 1713 1743 1739 cum

355 1777 409 1804 vs.
435 1769 501 1805 28.
528 1766 692 1816 (Frange
724 1772 763 1805 et
793 1767 995 1805 damnosae
1025 1768 1110 1804 iura
1139 1766 1358 1814 pudicitiae)
1389 1766 1605 1805 cohaereat.
1639 1767 1743 1806 Haec

356 1836 540 1873 sententia
562 1836 776 1874 confirmari
801 1836 952 1874 videtur
975 1834 1101 1873 Ovidii
1125 1835 1229 1873 Artis
1251 1835 1469 1873 Amatoriae
1490 1834 1589 1872 libro
1611 1836 1742 1881 tertio,

354 1902 393 1938 in
420 1914 493 1950 quo
519 1904 649 1941 similis
676 1903 891 1941 adhortatio
919 1904 1018 1940 omni
1045 1903 1303 1951 praeceptioni
1339 1903 1610 1951 praemittitur,
1639 1903 1741 1941 eius-

356 1970 517 2017 demque
542 1972 624 2009 Am.
650 1973 680 2019 I,
709 1972 747 2010 8.
770 1972 833 2009 ubi
864 1976 969 2010 certe
999 1982 1190 2019 perpauca
1220 1974 1307 2008 ante
1336 1970 1632 2019 praecipiuntur.
1667 1969 1742 2008 Sed

355 2048 554 2076 caveamus
580 2050 625 2076 ne
651 2050 693 2076 ea
719 2040 845 2088 specie
870 2038 1062 2077 fallamur.
1094 2038 1132 2076 Si
1161 2040 1261 2076 enim
1287 2050 1418 2076 verum
1444 2039 1676 2087 quaerimus,
1704 2039 1743 2075 in

357 2106 539 2145 Ovidiana
570 2107 689 2155 elegia
718 2108 846 2146 eadem
878 2107 1093 2146 adhortatio
1124 2107 1309 2145 insimili
1341 2107 1613 2145 sententiarum
1644 2107 1742 2144 serie

356 2174 481 2222 posita
510 2178 568 2210 est
600 2177 713 2221 atque
742 2175 779 2211 in
810 2174 1070 2222 Propertiana.
1102 2174 1292 2223 Dirigitur
1323 2174 1422 2212 enim
1454 2172 1502 2211 ad
1538 2179 1741 2222 quaestum

358 2253 433 2280 vss.
460 2243 524 2279 53.
548 2252 597 2279 ss.

472 2346 624 2396 Forma,
645 2348 717 2386 nisi
738 2347 928 2396 admittas,
950 2348 1051 2388 nullo
1073 2352 1271 2388 exercente
1293 2349 1480 2388 senescit:

529 2414 608 2453 Nec
631 2415 724 2453 satis
745 2415 898 2453 effectus
919 2427 1012 2454 unus
1027 2421 1065 2454 et
1085 2418 1185 2455 alter
1204 2418 1355 2455 habent.
