1862 2676
870 58 1102 97 —33...

280 186 359 215 non
380 175 482 216 hunc
504 175 740 215 Mamurium
761 175 915 224 pristini
934 162 1129 225 ligneique
1150 175 1252 223 signi
1273 175 1439 224 auctori,
1473 185 1586 224 quem
1605 173 1691 213 nul-

281 243 362 283 lum
382 243 624 291 memoravit,
649 243 718 282 sed
738 243 866 292 ligneo
888 243 997 292 signo
1020 243 1180 292 opponit
1195 242 1394 282 aheneum.
1418 244 1546 292 Atque
1558 242 1690 281 eodem

282 323 330 350 ex
350 322 493 360 genere
515 314 575 350 est
595 311 664 358 IV,
691 314 727 360 1,
755 313 850 350 135.

401 417 454 456 At
473 421 516 456 tu
538 417 638 466 finge
660 418 792 467 elegos
804 440 873 466 —,

283 525 385 574 quod
407 529 612 574 antequam
636 525 730 564 dicit
750 524 1002 575 horoscopus,
1025 525 1213 563 neminem
1235 523 1352 562 alium
1367 524 1469 563 aliud
1485 534 1600 574 agere
1612 524 1691 562 ius-

283 593 346 640 sit,
371 593 440 630 sed
462 593 622 641 opponit
642 592 786 630 forensi
808 604 959 640 operae,
993 603 1068 640 qua
1088 592 1199 630 modo
1219 592 1466 630 interdictum
1489 603 1574 629 esse
1594 592 1691 629 Pro-

281 659 409 708 pertio
431 659 478 698 ab
500 658 678 708 Apolline
699 659 882 708 narravit,
913 658 1075 708 elegias,
1104 670 1197 708 quas
1220 669 1305 697 oum
1327 658 1503 707 Apolline
1525 669 1613 697 eum
1633 658 1692 697 iu-

281 726 347 765 bet
367 737 619 775 componere;
641 725 778 764 deinde
800 726 872 773 ΙΙΙ,
900 727 967 773 18,
992 727 1063 763 31:

401 834 455 871 At
476 833 547 872 tibi
569 836 684 872 nauta
705 833 788 882 pias
811 832 1005 871 hominum
1028 832 1094 881 qui
1114 832 1263 871 traiicis
1284 832 1506 871 umbras—

283 937 351 977 ubi
382 938 573 987 oppositio
604 950 679 977 non
702 941 761 977 est
786 938 888 977 inter
909 937 1104 977 Charonta
1135 940 1173 977 et
1198 938 1326 976 nescio
1353 948 1466 987 quem
1492 938 1605 977 deum
1632 938 1694 976 vel

281 1006 491 1055 hominem,
519 1007 588 1045 sed
609 1007 712 1044 inter
733 1011 900 1044 mortem
923 1006 1098 1044 omnibus
1120 1017 1360 1044 communem
1380 1010 1496 1054 atque
1517 1007 1625 1045 illum
1646 1007 1695 1045 ad

282 1076 387 1111 astra
409 1083 625 1121 escensum,
649 1073 715 1121 qui
737 1073 783 1111 de
798 1072 966 1112 Caesare
988 1073 1117 1121 (atque
1140 1075 1185 1111 ut
1205 1072 1316 1111 nobis
1337 1072 1493 1111 videtur
1513 1074 1630 1112 etiam
1646 1073 1693 1113 de

283 1140 464 1189 Claudio,
499 1142 573 1179 etsi
606 1141 720 1178 aliter
750 1141 877 1188 placet
908 1140 1180 1188 Hertzbergio)
1211 1142 1475 1188 praedicatur,
1507 1142 1695 1180 Marcello

282 1210 435 1245 mortuo
459 1210 633 1256 optatum
656 1210 735 1244 tum
758 1207 829 1254 ΙΙΙ,
858 1209 923 1253 11,
949 1208 1014 1243 71.
1040 1217 1069 1243 s.

402 1313 455 1350 At
475 1314 517 1350 tu
539 1312 620 1350 sive
642 1315 753 1360 petes
774 1314 910 1359 portus
932 1322 998 1349 seu
1021 1312 1148 1350 navita
1171 1311 1335 1361 linques,

463 1378 642 1418 Caesaris
664 1379 703 1416 in
725 1382 806 1417 toto
828 1378 880 1416 sis
901 1389 1044 1417 memor
1066 1378 1243 1417 Ionio—

282 1486 347 1524 ubi
374 1487 436 1524 cui
463 1489 617 1524 nautam
639 1485 855 1534 oppositum
883 1488 994 1533 putes
1017 1496 1091 1523 non
1112 1484 1223 1523 facile
1244 1486 1433 1535 reperias,
1462 1487 1528 1524 sed
1551 1487 1695 1527 Caesar

242 1548 264 1558 ”
283 1554 452 1605 Apollini
474 1554 700 1603 opponitur3
723 1558 805 1592 tum
827 1553 878 1602 ΙΙ,
904 1555 941 1602 2,
967 1556 1005 1592 2.

402 1661 454 1698 At
475 1672 534 1698 me
556 1661 765 1709 composita
786 1671 880 1708 paee
902 1658 1038 1698 fefellit
1059 1660 1247 1698 Amor—

284 1767 346 1804 cui
368 1768 494 1804 versui
515 1767 610 1804 haec
634 1766 882 1804 antecedunt:

399 1874 518 1912 Liber
540 1884 646 1911 eram
668 1876 708 1910 et
729 1883 849 1911 vacuo
870 1872 1086 1911 meditabar
1108 1873 1237 1911 vivere
1257 1872 1357 1911 lecto
1374 1894 1424 1902 —

281 1983 325 2018 ut
345 1980 407 2018 hic
430 1991 581 2028 quoque
603 1980 684 2027 ipse
706 1979 754 2017 de
776 1990 816 2017 se
839 1979 1018 2027 loquatur
1038 1979 1284 2027 Propertius;
1307 1983 1388 2018 tum
1411 1981 1441 2029 Ι,
1469 1983 1533 2031 17,
1554 1983 1620 2020 25.
1637 1994 1686 2020 ss.

400 2086 454 2124 At
473 2096 543 2123 vos
563 2096 779 2133 aequoreae
800 2083 971 2123 formosa
992 2084 1138 2122 Doride
1160 2089 1270 2123 natae

460 2152 631 2191 Candida
650 2151 755 2191 felici
777 2152 912 2190 solvite
934 2152 1018 2190 vela
1039 2152 1169 2191 choro.

400 2218 439 2257 Si
460 2221 610 2268 quando
633 2223 781 2259 vestras
803 2220 936 2258 labens
959 2221 1078 2258 Amor
1100 2220 1230 2269 attigit
1249 2221 1384 2269 undas,

458 2286 672 2327 Mansuetis
694 2288 797 2327 socio
819 2288 969 2336 parcite
989 2287 1170 2327 litoribus
1183 2311 1238 2317 —

278 2404 375 2442 quas
399 2396 488 2432 ante
514 2404 651 2443 preces
676 2405 761 2434 cum
782 2394 885 2433 dicat
908 2394 954 2433 de
975 2398 1098 2434 morte
1120 2405 1188 2434 sua
1208 2406 1307 2445 quae
1328 2396 1472 2435 instare
1495 2396 1687 2445 videatur,
