1862 2676
934 73 1162 110 ...46—

350 193 410 227 est
431 193 474 227 ut
493 188 665 237 superari
687 199 759 226 non
781 188 916 237 possit.
950 186 1083 227 Omnis
1108 198 1226 246 causa,
1247 189 1371 238 posita
1401 193 1461 228 est
1490 188 1655 239 inrecte
1676 177 1741 228 ex'-

349 256 533 306 plicandis
553 255 629 295 illis
649 256 844 307 pretium
866 255 1017 296 fecere
1038 256 1168 296 Deos.
1192 254 1298 304 Quae
1319 268 1392 308 qua
1408 257 1445 296 vi
1467 257 1645 297 dicantur
1662 268 1743 297 cer-

351 325 454 364 nitur
486 336 531 363 ex
551 325 635 364 Liv.
658 324 801 374 XXIV,
829 327 899 382 15.>
922 326 1004 374 (nec
1036 324 1110 363 alia
1129 325 1250 374 magis
1271 325 1482 365 Romanum
1513 325 1743 375 impediebat
1813 380 1817 385 .

350 405 412 432 res
443 404 555 442 quam
587 394 713 441 capita
742 394 906 436 hostium
937 393 1085 441 pretia
1109 392 1298 432 libertatis
1323 394 1450 442 facta),
1479 405 1592 443 quem
1615 394 1742 445 locum

348 461 649 500 Luettiohannes
670 462 722 511 (p.
747 463 825 510 13.)
842 473 929 500 cum
950 461 1035 499 aliis
1056 461 1179 500 minus
1200 461 1386 501 similibus
1405 461 1543 500 adfert.
1568 462 1621 501 Ut
1641 463 1740 500 enim

349 530 477 578 capita
502 529 668 569 hostium
703 529 894 568 libertatis
929 528 1022 568 facit
1061 529 1199 579 pretia,
1240 529 1306 578 qui
1345 530 1392 569 iis
1432 530 1651 570 libertatem
1676 534 1744 570 aut

350 598 432 645 ipse
473 598 565 636 emit
604 602 671 635 aut
711 598 777 634 alii
820 603 863 634 ut
904 602 1031 635 emant
1071 596 1202 645 efficit,
1237 598 1290 635 ita
1329 598 1508 647 astrologi
1540 599 1643 637 Deos
1682 599 1743 636 vel

348 666 495 705 zodiaci
518 666 624 715 signa
650 665 818 714 pretium
833 664 992 713 faciunt,
1011 677 1093 703 cum
1112 676 1182 714 pro
1204 666 1268 714 iis,
1283 676 1381 715 quae
1398 667 1572 715 accipere
1592 666 1737 716 volunt,

350 746 426 772 non
457 735 649 783 pecunias,
683 734 750 772 sed
780 734 1073 772 vaticinationes
1104 733 1269 782 solvunt,
1303 735 1542 782 optatissima
1572 746 1742 784 quaeque

351 802 631 842 consulentibus
653 801 919 852 praedicendo.
948 800 1058 850 Quod
1085 801 1272 851 quomodo
1294 801 1435 841 faciant
1461 803 1676 843 ostenditur
1698 814 1742 842 eo

352 871 452 919 quod
489 871 686 919 sequitur:
727 876 764 908 et
795 870 974 908 fallitur
1007 882 1101 908 auro
1132 870 1354 918 Iuppiter,
1388 892 1441 898 -—
1474 871 1540 909 ubi
1571 871 1661 919 quid
1692 871 1743 909 sit

349 938 483 977 fallere
505 938 732 987 intelligitur
754 949 800 976 ex
823 938 933 977 Ovid.
959 938 1063 976 Fast.
1088 937 1136 986 V,
1163 939 1259 977 683.
1284 949 1334 977 ss.

581 1063 668 1103 Sive
690 1076 759 1112 ego
782 1068 819 1102 te
841 1063 914 1102 feci
936 1068 1071 1102 testem
1094 1063 1232 1102 falsove
1254 1064 1367 1102 citavi

641 1133 724 1171 Non
746 1132 914 1170 audituri
936 1133 1091 1170 numina
1113 1144 1247 1179 magna
1268 1133 1388 1178 Iovis;

585 1200 674 1239 Sive
696 1200 818 1239 Deum
841 1199 1007 1248 prudens
1027 1199 1142 1237 alium
1163 1199 1346 1238 Divamve
1360 1198 1583 1238 fefelli—-

350 1322 388 1355 et
409 1319 493 1355 Am.
516 1317 588 1364 III,
616 1320 680 1364 11,
704 1319 756 1354 45
780 1328 810 1354 s.
835 1317 957 1353 Parce
978 1327 1048 1364 per
1069 1327 1090 1354 o
1111 1316 1200 1354 lecti
1222 1316 1378 1354 socialia
1398 1316 1495 1364 iura,
1522 1327 1592 1365 per
1613 1329 1743 1357 omnes

641 1384 714 1432 Qui
736 1385 827 1423 dent
848 1383 1034 1422 fallendos
1057 1396 1098 1422 se
1121 1384 1192 1423 tibi
1214 1396 1326 1433 saepe
1348 1383 1469 1423 Deos!

350 1506 391 1539 ut
414 1512 488 1539 non
511 1504 615 1539 esset
635 1511 702 1539 cur
720 1500 998 1548 Hertzbergius
1017 1503 1178 1549 negaret
1198 1498 1277 1537 falli
1296 1499 1409 1549 Deos,
1432 1500 1463 1538 si
1486 1500 1570 1549 quis
1591 1499 1744 1540 fallendi

350 1580 466 1606 causa
488 1569 697 1606 nominibus
719 1579 847 1606 eorum
869 1568 1108 1605 abuteretur.
1139 1568 1214 1605 Sed
1236 1567 1283 1604 ab
1307 1567 1440 1605 eodem
1463 1568 1527 1606 illo
1547 1569 1744 1615 pretium

349 1635 499 1674 fecere
521 1647 608 1674 cum
629 1636 769 1684 reliqui
790 1635 1017 1674 accusativi:
1051 1635 1171 1684 signa,
1204 1634 1345 1681 stellas,
1380 1635 1497 1684 sidus,
1522 1639 1601 1674 tum
1623 1636 1744 1675 inter·
1759 1664 1774 1680 .

349 1706 495 1755 rogatio
528 1717 624 1754 quae
656 1706 829 1754 sequitur
849 1710 938 1754 apta
960 1710 1036 1744 est:
1075 1705 1187 1754 Quid
1218 1709 1426 1743 moveant
1455 1706 1606 1754 pisces
1639 1710 1743 1755 cett,

349 1785 444 1822 quae
466 1774 619 1821 quidem
640 1785 709 1822 pro
731 1773 970 1811 substantivo
993 1773 1203 1811 momenti
1234 1763 1451 1821 adhibetur,
1480 1773 1534 1812 sic
1555 1778 1682 1812 tamen
1703 1777 1746 1812 ut

348 1854 422 1881 non
441 1842 480 1881 id
502 1841 602 1891 quod
620 1842 683 1887 sit,
702 1842 767 1880 sed
789 1841 888 1890 quod
904 1841 1071 1890 fingatur
1095 1853 1176 1880 esse
1193 1845 1425 1880 momentum
1448 1842 1683 1891 designetur,
1702 1847 1746 1880 ut

348 1914 452 1948 recte
473 1909 799 1957 Naegelsbachius
820 1908 921 1956 (Lat.
943 1908 998 1946 St.
1031 1909 1065 1958 ξ,
1100 1911 1167 1956 37,
1198 1910 1252 1957 3.)
1274 1909 1385 1946 docet
1404 1920 1474 1956 pro
1496 1909 1745 1947 nominalibus

348 1977 528 2016 subiectis
549 1981 617 2015 aut
638 1976 800 2015 obiectis
821 1977 1142 2024 interrogationes
1164 1977 1355 2024 usurpari,
1378 1977 1411 2014 si
1432 1977 1524 2025 quid
1545 1988 1592 2015 ex
1614 1988 1744 2015 rerum

348 2045 509 2083 veritate
535 2045 573 2082 in
606 2044 819 2092 opinionem
852 2047 891 2082 et
921 2043 1195 2082 dubitationem
1221 2044 1447 2083 deducatur.
1481 2043 1591 2091 Quod
1617 2048 1745 2082 autem

347 2114 393 2151 ab
414 2113 547 2151 iisdem
570 2112 696 2151 verbis
719 2118 757 2150 et
778 2113 1018 2151 accusativus
1040 2112 1179 2150 obiecti
1202 2115 1242 2149 et
1262 2112 1512 2160 interrogatio
1533 2112 1684 2161 pendet,
1706 2112 1746 2151 id

348 2181 408 2219 hic
428 2192 501 2219 non
522 2180 643 2229 magis
664 2184 816 2229 oportet
837 2179 1030 2219 offendere
1053 2191 1163 2229 quam
1181 2179 1232 2229 ΙΙ,
1257 2181 1324 2228 34,
1350 2181 1417 2219 67.
1440 2190 1509 2218 ss.:

464 2306 521 2343 Tu
543 2308 648 2344 canis
670 2307 838 2344 umbrosi
861 2307 993 2344 subter
1014 2307 1143 2353 pineta
1166 2304 1317 2344 Galaesi

523 2374 685 2424 Thyrsin
710 2379 748 2413 et
769 2375 912 2413 attritis
933 2374 1110 2423 Daphnin
1131 2373 1394 2423 arundinibus,

463 2443 590 2490 thue
612 2442 742 2480 decem
763 2442 913 2490 possint
935 2453 1180 2490 corrumpere
1203 2442 1302 2480 mala
1322 2442 1489 2490 puellam
1503 2462 1557 2468 —
