1862 2676
887 78 1154 115 *—52-

338 197 474 243 strum,
494 205 618 242 neque
639 194 677 230 in
699 193 747 232 iis
767 192 935 242 antiquis
956 193 1092 249 hami-s,
1110 194 1177 242 qni
1194 205 1317 244 usque
1332 193 1380 233 ad
1401 194 1475 233 hoe
1492 197 1643 244 tempus
1658 203 1740 232 ser·

338 263 415 301 vati
445 266 534 300 sunt
560 263 746 311 reperias,
766 262 954 311 inquam
981 262 1155 312 quodque
1181 268 1330 311 partem
1355 274 1489 302 nomen
1516 263 1739 309 conveniat;

338 330 473 368 deinde
494 341 587 368 vero
609 329 807 370 confertur
828 330 985 390 quidem·
1002 342 1110 369 amor
1130 342 1216 370 cum
1236 332 1400 380 piscatu,
1421 334 1465 369 ut
1485 330 1596 370 Ovid.
1621 332 1666 369 A.
1690 331 1739 368 A.

337 397 408 446 ΙΙΙ,
434 399 531 437 425.
555 410 585 436 s.

456 513 578 552 Casus
602 514 744 562 ubique
767 515 889 553 valet:
914 526 1068 562 semper
1087 515 1160 553 tibi
1180 515 1344 563 pendeat
1364 516 1509 553 hamus.

515 581 598 629 Quo
620 582 774 620 minime
796 583 930 621 credas
950 583 1104 630 gurgite
1125 583 1241 631 piscis
1264 583 1338 620 erit
1359 605 1416 611 ——-

336 702 376 735 at
407 700 527 736 multo
560 699 712 746 saepius
744 700 809 747 qui
841 703 970 737 amant
1000 704 1067 737 aut
1098 699 1249 747 sagittis
1280 699 1450 737 transfixi
1479 702 1546 737 aut
1572 698 1738 736 ferarum

334 767 456 803 instar
477 767 624 814 laqueis
646 766 814 815 plagisve
837 767 923 816 capi
958 767 1153 815 dicuntur,
1182 770 1249 805 aut
1274 766 1424 806 facibus
1445 766 1596 806 Amoris
1616 766 1678 804 uri
1699 771 1739 804 et

334 836 507 883 torqueri
535 839 602 873 aut
628 835 790 873 vinculis
823 836 881 873 vel
914 836 1059 873 catenis
1091 837 1216 873 teneri
1247 840 1314 873 aut
1346 836 1486 883 captivi
1516 836 1554 872 in
1585 834 1738 872 Amoris

334 903 531 951 triumpho
558 903 643 941 duci
666 908 733 940 aut
758 904 886 952 iugum
913 902 1015 941 ferre
1037 907 1103 941 aut
1123 903 1284 941 militare
1315 907 1354 941 et
1374 903 1482 951 signa
1504 902 1656 941 Amoris
1678 912 1737 939 se-

336 971 399 1020 qui
421 975 488 1009 aut
509 971 547 1009 in
569 972 664 1009 mari
687 972 822 1009 iactari
849 976 918 1009 aut
938 972 1082 1010 servire
1115 977 1181 1010 aut
1202 975 1400 1019 aegrotare
1423 971 1483 1009 vel
1504 971 1643 1008 furere.
1677 969 1736 1007 Ex

334 1040 391 1076 his
423 1039 543 1086 igitur
568 1039 712 1087 aliquid
745 1039 970 1076 sumendum
1003 1040 1091 1087 erit,
1124 1040 1162 1076 in
1189 1051 1262 1087 quo
1295 1043 1335 1077 et
1360 1044 1530 1076 mentum
1558 1043 1597 1076 et
1618 1049 1738 1076 uncus

334 1118 419 1144 cum
442 1118 534 1145 ansa
556 1110 594 1144 et
615 1110 741 1145 rostro
763 1106 913 1145 facilem
934 1107 1224 1156 explicationem
1245 1107 1399 1145 habeat.
1419 1107 1494 1146 Sed
1511 1106 1600 1155 quid
1617 1106 1736 1155 potis-

334 1175 486 1222 simum,
519 1186 592 1212 non
616 1175 727 1212 facile
750 1181 807 1212 est
829 1163 946 1216 dictu,
979 1187 1065 1212 cum
1087 1187 1157 1212 nec
1178 1175 1287 1212 frena
1306 1186 1375 1212 nec
1398 1176 1488 1222 iuga
1504 1186 1572 1211 nec
1589 1175 1738 1212 vincula

335 1254 459 1291 neque
491 1243 565 1280 alia
596 1242 716 1281 multa
748 1254 795 1281 ex
825 1243 871 1281 iis
907 1243 1000 1281 satis
1033 1243 1185 1292 cognita
1219 1243 1439 1281 habeamus.
1479 1242 1575 1281 Cum
1608 1242 1738 1281 Vitru-

334 1312 418 1366 vius
440 1311 492 1358 ΙΙ,
517 1313 555 1349 8.
579 1323 729 1349 ansam
753 1312 799 1349 de
822 1323 867 1349 eo
890 1311 1042 1349 vinculo
1065 1312 1183 1359 dicat,
1206 1323 1279 1359 quo
1300 1316 1494 1349 caementa
1515 1311 1736 1349 continean-

332 1384 396 1417 tur
420 1383 460 1416 et
482 1390 641 1417 uncum
666 1379 844 1416 similiter
865 1379 940 1416 dici
968 1384 1133 1426 constet,
1155 1378 1318 1417 fortasse
1344 1385 1501 1416 catenae
1523 1379 1735 1426 significan·

331 1451 396 1483 tur
418 1458 514 1494 quae
538 1446 757 1494 duplicibus
783 1446 947 1484 vinculis
969 1447 1104 1484 collum
1130 1447 1291 1484 amantis
1314 1450 1484 1494 teneant,
1509 1447 1733 1494 praesertim

332 1525 420 1551 cum
443 1525 600 1552 uncum
625 1514 672 1551 ad
696 1525 856 1563 corpora
888 1514 1050 1552 humana
1081 1513 1251 1552 additum
1286 1514 1345 1552 vel
1371 1515 1485 1552 lixum
1517 1515 1554 1551 in
1585 1515 1631 1552 iis
1653 1526 1734 1553 esse

331 1587 515 1630 appareat
538 1593 584 1619 ex
610 1582 656 1618 iis
687 1583 781 1619 locis
813 1583 877 1630 qui
910 1583 1055 1631 pridem
1084 1583 1190 1619 allati
1217 1586 1327 1620 sunt:
1351 1581 1430 1620 Cic.
1455 1582 1554 1620 Phil.
1576 1582 1607 1630 I,
1633 1585 1670 1630 2,
1695 1585 1732 1620 5.

330 1649 460 1688 Uncus
482 1654 541 1688 est
566 1651 754 1698 impactus
780 1650 941 1699 fugitivo
969 1650 1036 1689 illi.
1067 1649 1176 1689 Ovid.
1205 1651 1259 1689 lb.
1294 1652 1386 1689 165.
1417 1649 1633 1699 Infixusque
1659 1652 1733 1689 tuis

331 1719 479 1756 ossibus
508 1730 628 1756 uncus
656 1720 742 1756 erit.
772 1719 950 1757 Juvenal.
979 1719 1056 1756 Sat.
1085 1718 1133 1766 X,
1164 1721 1230 1757 66.
1260 1718 1421 1756 Seianus
1449 1719 1603 1756 ducitur
1635 1731 1732 1757 unco

332 1785 583 1834 Spectandus.
624 1785 783 1835 Quoquo
807 1787 916 1825 modo
939 1792 1066 1825 autem
1093 1786 1208 1825 verba
1234 1786 1518 1836 explicabimus,
1545 1788 1733 1826 sententia

329 1855 423 1892 haec
448 1856 545 1893 erit:
575 1855 678 1892 nullo
707 1849 818 1902 pacto
845 1860 882 1892 te
910 1856 957 1892 ab
986 1868 1030 1892 eo
1053 1867 1181 1892 amore
1210 1866 1367 1902 prorsus
1393 1855 1587 1892 liberabis.
1611 1854 1731 1901 Quam

330 1924 558 1960 sententiam
586 1920 698 1960 facile
726 1922 900 1960 cernitur
932 1934 1018 1960 cum
1045 1921 1135 1960 addi
1161 1922 1358 1971 aptissime
1391 1927 1435 1960 et
1465 1923 1653 1971 particula
1682 1924 1730 1961 ad

329 1991 570 2038 superiorem
592 1996 671 2028 tum
696 2002 779 2028 cum
803 1991 973 2037 proxima
996 1992 1139 2039 optime
1161 1991 1379 2031 cohaerere.
1406 1991 1512 2028 Haec
1535 1992 1634 2028 enim
1655 1992 1731 2029 tria

297 2044 300 2048 ⁵
328 2057 533 2095 dicuntur:
557 2059 720 2106 primum
745 2069 853 2095 unam
878 2058 1043 2106 puellam
1065 2070 1086 2096 a
1102 2057 1305 2106 Propertio
1321 2061 1486 2095 amatum
1508 2057 1570 2106 iri,
1593 2058 1729 2097 deinde

327 2132 529 2174 perpetuo,
562 2131 640 2164 tum
676 2137 823 2163 summo
856 2137 939 2163 cum
969 2126 1116 2173 dolore3
1150 2129 1193 2163 ut
1225 2137 1270 2163 ne
1297 2125 1388 2163 illud
1417 2126 1567 2173 quidem
1595 2138 1726 2164 verum

327 2194 376 2230 sit
399 2205 420 2230 a
442 2195 650 2232 maioribus
676 2194 724 2232 ad
751 2195 917 2231 minores
943 2194 1095 2232 dolores
1121 2193 1394 2241 praedicendos
1421 2195 1726 2232 vaticinationem

326 2262 503 2299 transire.

413 2330 457 2368 In
492 2331 613 2377 elegia
645 2331 768 2368 altera
801 2331 1102 2383 Luettiohannes
1134 2331 1185 2379 (p.
1213 2333 1278 2368 34.
1303 2332 1350 2379 s.)
1381 2331 1464 2369 loco
1496 2336 1623 2369 movet
1651 2343 1724 2369 vss.

326 2402 375 2436 41
409 2422 457 2427 -—
484 2400 553 2436 46.
