1862 2676
882 83 1114 121 -100—

298 200 458 240 alteram
485 210 567 238 rem
594 209 690 248 quae
716 199 754 237 in
778 198 877 237 idem
903 198 1050 238 incidat
1074 201 1224 248 tempus
1254 197 1398 239 afferat.
1439 197 1693 248 Quemadmo-

300 268 386 307 dum
407 267 445 306 in
466 267 636 306 eiusdem
658 266 801 316 elegiae
822 266 931 305 initio
952 266 1095 305 dictum
1116 270 1193 305 est:

473 384 588 422 Disce
610 383 702 432 quid
722 383 917 432 Esquilias
938 383 1011 421 hac
1032 384 1145 420 nocte
1166 380 1312 430 fugarit
1331 391 1507 430 aquosas,

533 450 626 490 Cum
649 451 774 490 vicina
794 451 900 489 novis
922 450 1038 489 turba
1060 449 1236 488 cucurrit
1254 450 1358 499 agris
1380 461 1449 496 —;

298 579 386 606 nam
406 579 452 607 eo
473 569 558 618 ipso
578 571 751 616 tempore
773 568 839 616 qui
860 569 897 605 in
919 566 1119 616 Esquilino
1136 566 1231 605 colle
1247 566 1471 606 habitabant
1483 566 1695 606 accurrisse

300 636 491 684 dicuntur,
513 647 587 684 quo
608 640 795 674 nocturna
815 635 901 674 rixa
921 635 1163 683 incendiique
1184 637 1288 673 metu
1308 635 1388 673 suis
1410 635 1569 683 quisque
1586 645 1607 672 e
1627 645 1693 673 cu-

298 703 437 742 biculis
457 702 578 752 fugati
599 703 688 741 sint.
718 702 903 740 Similiter
923 703 984 741 hic
1004 702 1093 741 dum
1111 700 1275 751 Cynthia
1294 701 1489 750 magnifico
1510 704 1695 751 apparatu

298 771 573 820 triumphantis
593 771 715 809 instar
734 781 804 819 per
825 771 926 809 viam
943 770 1104 819 Appiam
1120 769 1274 808 vehitur
1294 770 1334 807 in
1354 769 1521 809 obscura
1535 769 1696 809 taberna

299 839 470 877 eiusdem
491 838 636 877 scilicet
657 838 741 876 viae
760 839 847 876 rixa
867 842 907 876 et
927 837 1070 876 clamor
1090 840 1194 875 mota
1214 836 1407 886 dicuntur,
1431 841 1476 876 ut
1494 837 1571 876 iam
1590 840 1695 876 vete-

298 917 364 946 res
394 906 651 958 explicatores
678 918 759 945 rem
783 906 1094 955 explanaverunt.
1127 904 1258 954 Qualis
1283 906 1444 945 taberna
1468 906 1546 955 illa,
1574 906 1696 955 qualis

300 985 536 1023 quorumque
555 974 749 1012 hominum
770 974 856 1012 rixa
875 974 993 1012 fuerit
1012 974 1075 1012 hic
1095 974 1247 1031 quidem
1267 985 1342 1012 non
1358 974 1512 1023 dicitur,
1534 974 1602 1013 sed
1621 985 1697 1013 non

301 1043 484 1082 dissimile
514 1043 596 1081 veri
623 1045 684 1081 est
713 1042 769 1080 illi
795 1042 956 1081 similem
981 1053 1191 1091 cauponam
1223 1042 1318 1091 dici,
1349 1043 1388 1080 in
1419 1053 1495 1091 qua
1523 1041 1697 1082 Catullus

299 1111 465 1150 carmine
483 1112 551 1149 37.
568 1113 758 1149 memorat
778 1110 1017 1148 continenter
1037 1110 1176 1148 multos
1198 1111 1341 1149 otiosos
1361 1110 1532 1149 homines
1552 1110 1697 1151 sedisse

300 1178 571 1227 amatoriisque
591 1178 706 1216 rebus
732 1181 771 1215 et
795 1177 1034 1215 sermonibus
1060 1177 1160 1215 diem
1186 1177 1431 1225 contrivisse;
1462 1179 1546 1216 rixa
1570 1182 1696 1217 autem

299 1246 384 1294 ipsa
407 1245 592 1294 Cynthiae
613 1244 942 1293 praetervectione
967 1247 1071 1283 mota
1096 1255 1180 1283 esse
1206 1245 1374 1294 videtur,
1400 1245 1479 1284 sive
1505 1246 1697 1285 aemulan-

300 1316 359 1352 tes
379 1313 453 1351 sibi
473 1323 658 1362 quemque
680 1313 762 1351 eius
782 1312 984 1351 amicitiam
1004 1312 1230 1361 vindicasse,
1259 1313 1340 1352 sive
1366 1317 1411 1352 ut
1435 1314 1576 1353 assolet
1594 1314 1698 1354 inter

300 1380 488 1419 eiusmodi
508 1381 681 1420 homines
703 1391 788 1419 cum
808 1379 945 1418 nobilis
965 1380 1152 1430 multique
1173 1381 1339 1420 rumoris
1359 1380 1497 1420 femina
1517 1393 1581 1421 eos
1607 1394 1695 1422 con-

299 1449 419 1487 vertit
434 1448 480 1487 de
496 1449 581 1487 eius
596 1448 866 1496 Propertiique
882 1448 1075 1486 amoribus
1089 1449 1289 1487 verissima
1305 1453 1345 1487 et
1359 1450 1566 1489 novissima
1581 1462 1695 1500 quae-

300 1527 374 1565 que
393 1515 568 1565 proferre
589 1515 765 1555 certatim
787 1513 982 1554 studuisse
1008 1515 1213 1554 existimes.
1246 1516 1474 1556 Huiusmodi
1500 1529 1696 1558 sermones

299 1588 487 1623 memorat
505 1584 728 1632 Propertius
750 1583 865 1622 etiam
887 1582 957 1631 ΙΙΙ,
982 1586 1049 1631 25,
1071 1587 1167 1623 extr.

475 1701 592 1739 Risus
614 1711 720 1739 eram
741 1699 877 1749 positis
898 1699 999 1737 inter
1020 1699 1191 1738 convivia
1211 1700 1350 1739 mensis

533 1768 586 1806 Et
606 1768 653 1806 de
673 1779 734 1806 me
754 1770 911 1816 poterat
931 1766 1090 1815 quilibet
1110 1777 1193 1805 esse
1213 1767 1363 1816 loquax.

389 1884 432 1922 In
452 1894 565 1923 nona
579 1871 708 1932 ‘elegia
728 1883 1029 1923 Luettiohannes
1049 1883 1149 1921 inter
1171 1895 1225 1922 vs.
1251 1885 1317 1923 32.

533 2000 585 2039 Et
605 2000 698 2039 iacit
719 2003 808 2039 ante
829 1998 931 2039 fores
952 1999 1071 2039 verba
1089 2000 1236 2040 minora
1256 2000 1325 2041 deo
1347 2024 1401 2029 —

380 2119 419 2155 et
441 2118 506 2156 33.
529 2115 610 2155 Vos
630 2128 769 2166 precor
790 2129 811 2155 o
831 2117 907 2155 luci
927 2128 1034 2155 sacro
1056 2128 1151 2165 quae
1172 2118 1302 2157 luditis
1322 2122 1432 2157 antro
1453 2141 1508 2147 ——

303 2234 511 2284 interponit
531 2245 606 2273 vss.
633 2237 699 2273 65.
722 2245 752 2273 S.

479 2350 650 2399 Angulus
672 2351 734 2390 hic
755 2350 884 2389 mundi
903 2362 1000 2391 nunc
1021 2364 1079 2391 me
1100 2364 1184 2391 mea
1204 2352 1282 2392 fata
1302 2353 1512 2393 trahentem

538 2418 707 2468 Accipit:
730 2419 824 2458 haec
845 2418 944 2458 fesso
966 2420 1036 2459 vix
1058 2421 1149 2460 mihi
1169 2424 1276 2460 terra
1296 2425 1412 2471 patet.
