<?xml version="1.0" encoding="UTF-8"?>
<!DOCTYPE html PUBLIC "-//W3C//DTD XHTML 1.0 Transitional//EN"
    "http://www.w3.org/TR/xhtml1/DTD/xhtml1-transitional.dtd">
<html xmlns="http://www.w3.org/1999/xhtml" xml:lang="en" lang="en">
 <head>
  <title>
</title>
<meta http-equiv="Content-Type" content="text/html;charset=utf-8" />
  <meta name='ocr-system' content='tesseract 3.04.00' />
  <meta name='ocr-capabilities' content='ocr_page ocr_carea ocr_par ocr_line ocrx_word'/>
</head>
<body>
  <div class='ocr_page' id='page_1' title='image "4737380_0091.png"; bbox 0 0 1862 2676; ppageno 0'>
   <div class='ocr_carea' id='block_1_1' title="bbox 753 107 983 144">
    <p class='ocr_par' dir='ltr' id='par_1_1' title="bbox 753 107 983 144">
     <span class='ocr_line' id='line_1_1' title="bbox 753 107 983 144; baseline 0 -10"><span class='ocrx_word' id='word_1_1' title='bbox 753 107 983 144; x_wconf 66' lang='lat'>-81-</span> 
     </span>
    </p>
   </div>
   <div class='ocr_carea' id='block_1_2' title="bbox 167 216 1586 2547">
    <p class='ocr_par' dir='ltr' id='par_1_2' title="bbox 168 216 1577 527">
     <span class='ocr_line' id='line_1_2' title="bbox 168 216 1575 268; baseline 0 -13"><span class='ocrx_word' id='word_1_2' title='bbox 168 216 339 267; x_wconf 74' lang='lat' dir='ltr'><strong>fingitur,</strong></span> <span class='ocrx_word' id='word_1_3' title='bbox 362 218 400 256; x_wconf 91' lang='lat' dir='ltr'><strong>in</strong></span> <span class='ocrx_word' id='word_1_4' title='bbox 423 227 497 267; x_wconf 91' lang='lat' dir='ltr'><strong>quo</strong></span> <span class='ocrx_word' id='word_1_5' title='bbox 524 218 591 267; x_wconf 89' lang='lat' dir='ltr'><strong>qui</strong></span> <span class='ocrx_word' id='word_1_6' title='bbox 616 219 800 268; x_wconf 84' lang='lat' dir='ltr'>originem</span> <span class='ocrx_word' id='word_1_7' title='bbox 826 220 930 259; x_wconf 80' lang='lat' dir='ltr'><strong>aedis</strong></span> <span class='ocrx_word' id='word_1_8' title='bbox 949 220 1148 268; x_wconf 72' lang='lat' dir='ltr'><strong>Palatinae</strong></span> <span class='ocrx_word' id='word_1_9' title='bbox 1173 217 1381 268; x_wconf 70' lang='lat' dir='ltr'><strong>explicavit</strong></span> <span class='ocrx_word' id='word_1_10' title='bbox 1406 218 1575 256; x_wconf 84' lang='lat' dir='ltr'><strong>canendo</strong></span> 
     </span>
     <span class='ocr_line' id='line_1_3' title="bbox 168 283 1577 335; baseline 0 -13"><span class='ocrx_word' id='word_1_11' title='bbox 168 283 295 324; x_wconf 84' lang='lat' dir='ltr'><strong>fessus</strong></span> <span class='ocrx_word' id='word_1_12' title='bbox 326 284 439 333; x_wconf 89' lang='lat' dir='ltr'><strong>genio</strong></span> <span class='ocrx_word' id='word_1_13' title='bbox 467 284 677 335; x_wconf 80' lang='lat' dir='ltr'><strong>indulgeat,</strong></span> <span class='ocrx_word' id='word_1_14' title='bbox 709 289 898 334; x_wconf 87' lang='lat' dir='ltr'><strong>potosque</strong></span> <span class='ocrx_word' id='word_1_15' title='bbox 933 287 1113 325; x_wconf 85' lang='lat' dir='ltr'><strong>convivas</strong></span> <span class='ocrx_word' id='word_1_16' title='bbox 1143 286 1192 325; x_wconf 88' lang='lat' dir='ltr'><strong>ad</strong></span> <span class='ocrx_word' id='word_1_17' title='bbox 1217 286 1430 335; x_wconf 36' lang='lat' dir='ltr'><strong>*Principis*</strong></span> <span class='ocrx_word' id='word_1_18' title='bbox 1451 285 1577 330; x_wconf 78' lang='lat' dir='ltr'><strong>varias</strong></span> 
     </span>
     <span class='ocr_line' id='line_1_4' title="bbox 168 351 1575 402; baseline 0.001 -13"><span class='ocrx_word' id='word_1_19' title='bbox 168 351 302 392; x_wconf 88' lang='lat' dir='ltr'><strong>laudes</strong></span> <span class='ocrx_word' id='word_1_20' title='bbox 323 351 573 391; x_wconf 88' lang='lat' dir='ltr'><strong>celebrandas</strong></span> <span class='ocrx_word' id='word_1_21' title='bbox 597 352 769 402; x_wconf 72' lang='lat' dir='ltr'><strong>impellat</strong></span> <span class='ocrx_word' id='word_1_22' title='bbox 786 365 795 390; x_wconf 73' lang='grc' dir='ltr'>ε</span> <span class='ocrx_word' id='word_1_23' title='bbox 827 353 912 402; x_wconf 88' lang='lat' dir='ltr'><strong>quis</strong></span> <span class='ocrx_word' id='word_1_24' title='bbox 932 364 1007 392; x_wconf 91' lang='lat' dir='ltr'><strong>non</strong></span> <span class='ocrx_word' id='word_1_25' title='bbox 1027 353 1066 391; x_wconf 92' lang='lat' dir='ltr'><strong>in</strong></span> <span class='ocrx_word' id='word_1_26' title='bbox 1087 364 1132 392; x_wconf 88' lang='lat' dir='ltr'><strong>eo</strong></span> <span class='ocrx_word' id='word_1_27' title='bbox 1153 364 1336 392; x_wconf 88' lang='lat' dir='ltr'><strong>summam</strong></span> <span class='ocrx_word' id='word_1_28' title='bbox 1356 355 1493 402; x_wconf 87' lang='lat' dir='ltr'><strong>poetae</strong></span> <span class='ocrx_word' id='word_1_29' title='bbox 1512 356 1575 390; x_wconf 85' lang='lat' dir='ltr'><strong>a&#39;r-</strong></span> 
     </span>
     <span class='ocr_line' id='line_1_5' title="bbox 169 420 1575 469; baseline 0.001 -12"><span class='ocrx_word' id='word_1_30' title='bbox 169 424 250 459; x_wconf 85' lang='lat' dir='ltr'><strong>tem</strong></span> <span class='ocrx_word' id='word_1_31' title='bbox 286 423 468 469; x_wconf 87' lang='lat' dir='ltr'><strong>agnoscat</strong></span> <span class='ocrx_word' id='word_1_32' title='bbox 497 420 779 468; x_wconf 88' lang='lat' dir='ltr'><strong>simplicitatem</strong></span> <span class='ocrx_word' id='word_1_33' title='bbox 809 421 1043 460; x_wconf 81' lang='lat' dir='ltr'><strong>narrationis</strong></span> <span class='ocrx_word' id='word_1_34' title='bbox 1074 421 1289 469; x_wconf 89' lang='lat' dir='ltr'><strong>argumenti</strong></span> <span class='ocrx_word' id='word_1_35' title='bbox 1319 432 1362 458; x_wconf 88' lang='lat' dir='ltr'><strong>ac</strong></span> <span class='ocrx_word' id='word_1_36' title='bbox 1394 430 1575 458; x_wconf 89' lang='lat' dir='ltr'><strong>sensuum</strong></span> 
     </span>
     <span class='ocr_line' id='line_1_6' title="bbox 172 487 636 527; baseline 0.002 -2"><span class='ocrx_word' id='word_1_37' title='bbox 172 487 361 526; x_wconf 85' lang='lat' dir='ltr'><strong>varietate</strong></span> <span class='ocrx_word' id='word_1_38' title='bbox 382 487 605 527; x_wconf 86' lang='lat' dir='ltr'><strong>adornantis</strong></span> <span class='ocrx_word' id='word_1_39' title='bbox 617 488 636 526; x_wconf 79' lang='lat'><strong>⁶?</strong></span> 
     </span>
    </p>

    <p class='ocr_par' dir='ltr' id='par_1_3' title="bbox 167 545 1586 2493">
     <span class='ocr_line' id='line_1_7' title="bbox 258 545 1575 604; baseline 0 -12"><span class='ocrx_word' id='word_1_40' title='bbox 258 554 354 593; x_wconf 86' lang='lat' dir='ltr'><strong>Cum</strong></span> <span class='ocrx_word' id='word_1_41' title='bbox 382 555 483 593; x_wconf 90' lang='lat' dir='ltr'><strong>enim</strong></span> <span class='ocrx_word' id='word_1_42' title='bbox 510 559 598 604; x_wconf 90' lang='lat' dir='ltr'><strong>post</strong></span> <span class='ocrx_word' id='word_1_43' title='bbox 624 556 881 593; x_wconf 85' lang='lat' dir='ltr'><strong>narrationem</strong></span> <span class='ocrx_word' id='word_1_44' title='bbox 902 545 1084 594; x_wconf 73' lang='lat' dir='ltr'><strong>Actiacae</strong></span> <span class='ocrx_word' id='word_1_45' title='bbox 1106 556 1293 593; x_wconf 86' lang='lat' dir='ltr'><strong>victoriae</strong></span> <span class='ocrx_word' id='word_1_46' title='bbox 1315 554 1502 593; x_wconf 88' lang='lat' dir='ltr'><strong>sacrificio</strong></span> <span class='ocrx_word' id='word_1_47' title='bbox 1523 555 1575 591; x_wconf 86' lang='lat' dir='ltr'><strong>si-</strong></span> 
     </span>
     <span class='ocr_line' id='line_1_8' title="bbox 169 620 1577 672; baseline -0.001 -12"><span class='ocrx_word' id='word_1_48' title='bbox 169 621 316 661; x_wconf 86' lang='lat' dir='ltr'><strong>mulato</strong></span> <span class='ocrx_word' id='word_1_49' title='bbox 342 625 613 671; x_wconf 84' lang='lat' dir='ltr'><strong>praeparatam</strong></span> <span class='ocrx_word' id='word_1_50' title='bbox 639 625 798 672; x_wconf 88' lang='lat' dir='ltr'><strong>repente</strong></span> <span class='ocrx_word' id='word_1_51' title='bbox 826 634 866 661; x_wconf 90' lang='lat' dir='ltr'><strong>se</strong></span> <span class='ocrx_word' id='word_1_52' title='bbox 892 626 1072 672; x_wconf 86' lang='lat' dir='ltr'><strong>tanquam</strong></span> <span class='ocrx_word' id='word_1_53' title='bbox 1093 623 1133 660; x_wconf 89' lang='lat' dir='ltr'><strong>in</strong></span> <span class='ocrx_word' id='word_1_54' title='bbox 1154 622 1369 662; x_wconf 90' lang='lat' dir='ltr'><strong>convivium</strong></span> <span class='ocrx_word' id='word_1_55' title='bbox 1388 620 1577 661; x_wconf 86' lang='lat' dir='ltr'><strong>transfert</strong></span> 
     </span>
     <span class='ocr_line' id='line_1_9' title="bbox 168 689 1577 739; baseline -0.001 -12"><span class='ocrx_word' id='word_1_56' title='bbox 168 689 283 738; x_wconf 90' lang='lat' dir='ltr'><strong>idque</strong></span> <span class='ocrx_word' id='word_1_57' title='bbox 315 691 424 738; x_wconf 88' lang='lat' dir='ltr'><strong>quasi</strong></span> <span class='ocrx_word' id='word_1_58' title='bbox 449 691 634 739; x_wconf 90' lang='lat' dir='ltr'><strong>magister</strong></span> <span class='ocrx_word' id='word_1_59' title='bbox 659 691 810 739; x_wconf 89' lang='lat' dir='ltr'><strong>quidam</strong></span> <span class='ocrx_word' id='word_1_60' title='bbox 840 690 996 729; x_wconf 89' lang='lat' dir='ltr'><strong>bibendi</strong></span> <span class='ocrx_word' id='word_1_61' title='bbox 1021 691 1123 738; x_wconf 89' lang='lat' dir='ltr'><strong>regit</strong></span> <span class='ocrx_word' id='word_1_62' title='bbox 1154 695 1194 729; x_wconf 91' lang='lat' dir='ltr'><strong>et</strong></span> <span class='ocrx_word' id='word_1_63' title='bbox 1219 690 1443 728; x_wconf 87' lang='lat' dir='ltr'><strong>moderatur</strong></span> <span class='ocrx_word' id='word_1_64' title='bbox 1467 693 1508 728; x_wconf 88' lang='lat' dir='ltr'><strong>et</strong></span> <span class='ocrx_word' id='word_1_65' title='bbox 1533 692 1577 726; x_wconf 91' lang='lat' dir='ltr'><strong>ut</strong></span> 
     </span>
     <span class='ocr_line' id='line_1_10' title="bbox 172 755 1576 807; baseline -0.001 -12"><span class='ocrx_word' id='word_1_66' title='bbox 172 757 449 806; x_wconf 86' lang='lat' dir='ltr'><strong>Eryximachus</strong></span> <span class='ocrx_word' id='word_1_67' title='bbox 480 757 580 807; x_wconf 88' lang='lat' dir='ltr'><strong>apud</strong></span> <span class='ocrx_word' id='word_1_68' title='bbox 606 757 803 797; x_wconf 88' lang='lat' dir='ltr'><strong>Platonem</strong></span> <span class='ocrx_word' id='word_1_69' title='bbox 831 759 1013 797; x_wconf 88' lang='lat' dir='ltr'><strong>Amorem</strong></span> <span class='ocrx_word' id='word_1_70' title='bbox 1044 758 1101 796; x_wconf 87' lang='lat' dir='ltr'><strong>ita</strong></span> <span class='ocrx_word' id='word_1_71' title='bbox 1126 758 1344 807; x_wconf 87' lang='lat' dir='ltr'><strong>Augustum</strong></span> <span class='ocrx_word' id='word_1_72' title='bbox 1375 760 1419 794; x_wconf 88' lang='lat' dir='ltr'><strong>ut</strong></span> <span class='ocrx_word' id='word_1_73' title='bbox 1443 755 1576 795; x_wconf 86' lang='lat' dir='ltr'><strong>ordine</strong></span> 
     </span>
     <span class='ocr_line' id='line_1_11' title="bbox 170 825 1579 877; baseline -0.001 -14"><span class='ocrx_word' id='word_1_74' title='bbox 170 835 303 863; x_wconf 89' lang='lat' dir='ltr'><strong>omnes</strong></span> <span class='ocrx_word' id='word_1_75' title='bbox 326 825 545 864; x_wconf 87' lang='lat' dir='ltr'><strong>collaudent</strong></span> <span class='ocrx_word' id='word_1_76' title='bbox 565 826 1005 877; x_wconf 14' lang='lat' dir='ltr'><strong>constituit,qlegentium</strong></span> <span class='ocrx_word' id='word_1_77' title='bbox 1026 826 1172 864; x_wconf 90' lang='lat' dir='ltr'><strong>animos</strong></span> <span class='ocrx_word' id='word_1_78' title='bbox 1194 825 1380 873; x_wconf 87' lang='lat' dir='ltr'><strong>religione</strong></span> <span class='ocrx_word' id='word_1_79' title='bbox 1401 827 1440 862; x_wconf 90' lang='lat' dir='ltr'><strong>et</strong></span> <span class='ocrx_word' id='word_1_80' title='bbox 1454 826 1579 862; x_wconf 89' lang='lat' dir='ltr'><strong>atten-</strong></span> 
     </span>
     <span class='ocr_line' id='line_1_12' title="bbox 168 882 1577 945; baseline -0.001 -17"><span class='ocrx_word' id='word_1_81' title='bbox 168 892 273 929; x_wconf 88' lang='lat' dir='ltr'><strong>tione</strong></span> <span class='ocrx_word' id='word_1_82' title='bbox 294 892 460 930; x_wconf 86' lang='lat' dir='ltr'><strong>imbutos</strong></span> <span class='ocrx_word' id='word_1_83' title='bbox 482 893 530 930; x_wconf 88' lang='lat' dir='ltr'><strong>ad</strong></span> <span class='ocrx_word' id='word_1_84' title='bbox 547 882 843 931; x_wconf 82' lang='lat' dir='ltr'><strong>admirationem</strong></span> <span class='ocrx_word' id='word_1_85' title='bbox 854 893 986 940; x_wconf 90' lang='lat' dir='ltr'><strong>erigit,</strong></span> <span class='ocrx_word' id='word_1_86' title='bbox 1005 903 1074 939; x_wconf 90' lang='lat' dir='ltr'><strong>spe</strong></span> <span class='ocrx_word' id='word_1_87' title='bbox 1086 891 1299 940; x_wconf 87' lang='lat' dir='ltr'><strong>confirmat,</strong></span> <span class='ocrx_word' id='word_1_88' title='bbox 1315 890 1577 945; x_wconf 84' lang='lat' dir='ltr'><strong>indignatione</strong></span> 
     </span>
     <span class='ocr_line' id='line_1_13' title="bbox 167 958 1579 1011; baseline -0.002 -13"><span class='ocrx_word' id='word_1_89' title='bbox 167 963 385 1008; x_wconf 87' lang='lat' dir='ltr'><strong>permovet,</strong></span> <span class='ocrx_word' id='word_1_90' title='bbox 412 960 562 999; x_wconf 80' lang='lat' dir='ltr'><strong>laetitia</strong></span> <span class='ocrx_word' id='word_1_91' title='bbox 585 962 775 1008; x_wconf 88' lang='lat' dir='ltr'><strong>grataque</strong></span> <span class='ocrx_word' id='word_1_92' title='bbox 799 959 992 1008; x_wconf 84' lang='lat' dir='ltr'><strong>Apollinis</strong></span> <span class='ocrx_word' id='word_1_93' title='bbox 1018 959 1286 1011; x_wconf 85' lang='lat' dir='ltr'><strong>recordatione</strong></span> <span class='ocrx_word' id='word_1_94' title='bbox 1311 958 1464 1007; x_wconf 91' lang='lat' dir='ltr'><strong>implet,</strong></span> <span class='ocrx_word' id='word_1_95' title='bbox 1491 968 1579 996; x_wconf 89' lang='lat' dir='ltr'><strong>mox</strong></span> 
     </span>
     <span class='ocr_line' id='line_1_14' title="bbox 169 1024 1575 1075; baseline -0.001 -11"><span class='ocrx_word' id='word_1_96' title='bbox 169 1027 311 1065; x_wconf 86' lang='lat' dir='ltr'><strong>elatam</strong></span> <span class='ocrx_word' id='word_1_97' title='bbox 332 1037 594 1075; x_wconf 85' lang='lat' dir='ltr'><strong>summamque</strong></span> <span class='ocrx_word' id='word_1_98' title='bbox 615 1026 801 1066; x_wconf 81' lang='lat' dir='ltr'><strong>laetitiam</strong></span> <span class='ocrx_word' id='word_1_99' title='bbox 822 1026 871 1065; x_wconf 88' lang='lat' dir='ltr'><strong>ad</strong></span> <span class='ocrx_word' id='word_1_100' title='bbox 892 1027 1127 1065; x_wconf 88' lang='lat' dir='ltr'><strong>convivalem</strong></span> <span class='ocrx_word' id='word_1_101' title='bbox 1150 1026 1385 1064; x_wconf 88' lang='lat' dir='ltr'><strong>hilaritatem</strong></span> <span class='ocrx_word' id='word_1_102' title='bbox 1401 1024 1575 1073; x_wconf 87' lang='lat' dir='ltr'><strong>inflectit,</strong></span> 
     </span>
     <span class='ocr_line' id='line_1_15' title="bbox 169 1092 1576 1144; baseline -0.001 -12"><span class='ocrx_word' id='word_1_103' title='bbox 169 1096 213 1132; x_wconf 89' lang='lat' dir='ltr'><strong>ut</strong></span> <span class='ocrx_word' id='word_1_104' title='bbox 236 1104 357 1142; x_wconf 90' lang='lat' dir='ltr'><strong>paene</strong></span> <span class='ocrx_word' id='word_1_105' title='bbox 383 1093 516 1132; x_wconf 89' lang='lat' dir='ltr'><strong>eadem</strong></span> <span class='ocrx_word' id='word_1_106' title='bbox 544 1093 746 1133; x_wconf 86' lang='lat' dir='ltr'><strong>affectuum</strong></span> <span class='ocrx_word' id='word_1_107' title='bbox 773 1094 893 1133; x_wconf 88' lang='lat' dir='ltr'><strong>series</strong></span> <span class='ocrx_word' id='word_1_108' title='bbox 917 1097 1172 1143; x_wconf 83' lang='lat' dir='ltr'><strong>percurratur</strong></span> <span class='ocrx_word' id='word_1_109' title='bbox 1193 1097 1307 1144; x_wconf 89' lang='lat' dir='ltr'><strong>atque</strong></span> <span class='ocrx_word' id='word_1_110' title='bbox 1328 1094 1368 1132; x_wconf 90' lang='lat' dir='ltr'><strong>in</strong></span> <span class='ocrx_word' id='word_1_111' title='bbox 1388 1093 1453 1131; x_wconf 90' lang='lat' dir='ltr'><strong>illo</strong></span> <span class='ocrx_word' id='word_1_112' title='bbox 1477 1092 1576 1131; x_wconf 89' lang='lat' dir='ltr'><strong>cele-</strong></span> 
     </span>
     <span class='ocr_line' id='line_1_16' title="bbox 169 1160 1578 1214; baseline -0.001 -15"><span class='ocrx_word' id='word_1_113' title='bbox 169 1160 336 1200; x_wconf 90' lang='lat' dir='ltr'><strong>berrimo</strong></span> <span class='ocrx_word' id='word_1_114' title='bbox 367 1162 521 1200; x_wconf 89' lang='lat' dir='ltr'><strong>Horatii</strong></span> <span class='ocrx_word' id='word_1_115' title='bbox 552 1161 719 1200; x_wconf 90' lang='lat' dir='ltr'><strong>carmine</strong></span> <span class='ocrx_word' id='word_1_116' title='bbox 750 1162 783 1210; x_wconf 82' lang='lat' dir='ltr'><strong>I,</strong></span> <span class='ocrx_word' id='word_1_117' title='bbox 809 1163 875 1200; x_wconf 90' lang='lat'><strong>37.</strong></span> <span class='ocrx_word' id='word_1_118' title='bbox 901 1161 1031 1211; x_wconf 87' lang='lat' dir='ltr'><strong>(Nunc</strong></span> <span class='ocrx_word' id='word_1_119' title='bbox 1051 1165 1110 1199; x_wconf 88' lang='lat' dir='ltr'><strong>est</strong></span> <span class='ocrx_word' id='word_1_120' title='bbox 1129 1162 1340 1214; x_wconf 86' lang='lat' dir='ltr'><strong>bibendum</strong></span> <span class='ocrx_word' id='word_1_121' title='bbox 1361 1161 1481 1208; x_wconf 91' lang='lat' dir='ltr'><strong>cett.),</strong></span> <span class='ocrx_word' id='word_1_122' title='bbox 1503 1160 1578 1198; x_wconf 89' lang='lat' dir='ltr'><strong>uisi</strong></span> 
     </span>
     <span class='ocr_line' id='line_1_17' title="bbox 170 1228 1579 1277; baseline -0.001 -11"><span class='ocrx_word' id='word_1_123' title='bbox 170 1229 272 1276; x_wconf 92' lang='lat' dir='ltr'><strong>quod</strong></span> <span class='ocrx_word' id='word_1_124' title='bbox 292 1229 519 1277; x_wconf 88' lang='lat' dir='ltr'><strong>Propertius</strong></span> <span class='ocrx_word' id='word_1_125' title='bbox 540 1229 915 1267; x_wconf 88' lang='lat' dir='ltr'><strong>commiserationem</strong></span> <span class='ocrx_word' id='word_1_126' title='bbox 936 1239 1019 1266; x_wconf 94' lang='lat' dir='ltr'><strong>eam</strong></span> <span class='ocrx_word' id='word_1_127' title='bbox 1041 1228 1204 1276; x_wconf 90' lang='lat' dir='ltr'><strong>omittit,</strong></span> <span class='ocrx_word' id='word_1_128' title='bbox 1238 1239 1314 1277; x_wconf 90' lang='lat' dir='ltr'><strong>qua</strong></span> <span class='ocrx_word' id='word_1_129' title='bbox 1338 1228 1404 1266; x_wconf 91' lang='lat' dir='ltr'><strong>ille</strong></span> <span class='ocrx_word' id='word_1_130' title='bbox 1424 1237 1579 1265; x_wconf 88' lang='lat' dir='ltr'><strong>carmen</strong></span> 
     </span>
     <span class='ocr_line' id='line_1_18' title="bbox 171 1293 1581 1346; baseline -0.001 -13"><span class='ocrx_word' id='word_1_131' title='bbox 171 1296 327 1343; x_wconf 85' lang='lat' dir='ltr'><strong>egregie</strong></span> <span class='ocrx_word' id='word_1_132' title='bbox 350 1295 557 1343; x_wconf 87' lang='lat' dir='ltr'><strong>concludit,</strong></span> <span class='ocrx_word' id='word_1_133' title='bbox 581 1294 830 1346; x_wconf 85' lang='lat' dir='ltr'><strong>ordinemque</strong></span> <span class='ocrx_word' id='word_1_134' title='bbox 850 1295 1082 1333; x_wconf 88' lang='lat' dir='ltr'><strong>contrarium</strong></span> <span class='ocrx_word' id='word_1_135' title='bbox 1103 1294 1277 1342; x_wconf 88' lang='lat' dir='ltr'><strong>adhibet,</strong></span> <span class='ocrx_word' id='word_1_136' title='bbox 1305 1305 1392 1332; x_wconf 92' lang='lat' dir='ltr'><strong>cum</strong></span> <span class='ocrx_word' id='word_1_137' title='bbox 1415 1293 1581 1332; x_wconf 90' lang='lat' dir='ltr'><strong>convivii</strong></span> 
     </span>
     <span class='ocr_line' id='line_1_19' title="bbox 170 1361 1580 1419; baseline -0.001 -19"><span class='ocrx_word' id='word_1_138' title='bbox 170 1362 407 1400; x_wconf 86' lang='lat' dir='ltr'><strong>hilaritatem</strong></span> <span class='ocrx_word' id='word_1_139' title='bbox 437 1365 628 1410; x_wconf 81' lang='lat' dir='ltr'><strong>extremo,</strong></span> <span class='ocrx_word' id='word_1_140' title='bbox 662 1373 737 1419; x_wconf 81' lang='lat' dir='ltr'><strong>non</strong></span> <span class='ocrx_word' id='word_1_141' title='bbox 768 1362 891 1410; x_wconf 91' lang='lat' dir='ltr'><strong>primo</strong></span> <span class='ocrx_word' id='word_1_142' title='bbox 912 1362 998 1400; x_wconf 89' lang='lat' dir='ltr'><strong>loco</strong></span> <span class='ocrx_word' id='word_1_143' title='bbox 1020 1362 1214 1410; x_wconf 87' lang='lat' dir='ltr'><strong>exprimit.</strong></span> <span class='ocrx_word' id='word_1_144' title='bbox 1257 1361 1357 1409; x_wconf 79' lang='lat' dir='ltr'><strong>Quid</strong></span> <span class='ocrx_word' id='word_1_145' title='bbox 1378 1361 1498 1410; x_wconf 90' lang='lat' dir='ltr'><strong>igitur</strong></span> <span class='ocrx_word' id='word_1_146' title='bbox 1519 1364 1580 1399; x_wconf 87' lang='lat' dir='ltr'><strong>est</strong></span> 
     </span>
     <span class='ocr_line' id='line_1_20' title="bbox 171 1429 1579 1478; baseline -0.001 -11"><span class='ocrx_word' id='word_1_147' title='bbox 171 1441 240 1467; x_wconf 87' lang='lat' dir='ltr'><strong>cur</strong></span> <span class='ocrx_word' id='word_1_148' title='bbox 261 1440 359 1478; x_wconf 89' lang='lat' dir='ltr'><strong>quae</strong></span> <span class='ocrx_word' id='word_1_149' title='bbox 385 1429 424 1466; x_wconf 92' lang='lat' dir='ltr'><strong>in</strong></span> <span class='ocrx_word' id='word_1_150' title='bbox 450 1440 525 1467; x_wconf 92' lang='lat' dir='ltr'><strong>uno</strong></span> <span class='ocrx_word' id='word_1_151' title='bbox 547 1429 714 1467; x_wconf 85' lang='lat' dir='ltr'><strong>carmine</strong></span> <span class='ocrx_word' id='word_1_152' title='bbox 738 1440 887 1467; x_wconf 88' lang='lat' dir='ltr'><strong>summa</strong></span> <span class='ocrx_word' id='word_1_153' title='bbox 906 1429 1045 1467; x_wconf 91' lang='lat' dir='ltr'><strong>merito</strong></span> <span class='ocrx_word' id='word_1_154' title='bbox 1066 1429 1304 1477; x_wconf 85' lang='lat' dir='ltr'><strong>praestantia</strong></span> <span class='ocrx_word' id='word_1_155' title='bbox 1324 1429 1579 1476; x_wconf 87' lang='lat' dir='ltr'><strong>existimatur,</strong></span> 
     </span>
     <span class='ocr_line' id='line_1_21' title="bbox 171 1496 1578 1545; baseline 0 -12"><span class='ocrx_word' id='word_1_156' title='bbox 171 1497 211 1533; x_wconf 92' lang='lat' dir='ltr'><strong>in</strong></span> <span class='ocrx_word' id='word_1_157' title='bbox 242 1496 365 1534; x_wconf 87' lang='lat' dir='ltr'><strong>altero</strong></span> <span class='ocrx_word' id='word_1_158' title='bbox 396 1499 543 1534; x_wconf 88' lang='lat' dir='ltr'><strong>tantam</strong></span> <span class='ocrx_word' id='word_1_159' title='bbox 575 1497 614 1534; x_wconf 92' lang='lat' dir='ltr'><strong>in</strong></span> <span class='ocrx_word' id='word_1_160' title='bbox 635 1497 970 1545; x_wconf 88' lang='lat' dir='ltr'><strong>reprehensionem</strong></span> <span class='ocrx_word' id='word_1_161' title='bbox 992 1497 1185 1545; x_wconf 86' lang='lat' dir='ltr'><strong>incurrat,</strong></span> <span class='ocrx_word' id='word_1_162' title='bbox 1217 1499 1260 1534; x_wconf 92' lang='lat' dir='ltr'><strong>ut</strong></span> <span class='ocrx_word' id='word_1_163' title='bbox 1279 1499 1404 1534; x_wconf 88' lang='lat' dir='ltr'><strong>totum</strong></span> <span class='ocrx_word' id='word_1_164' title='bbox 1425 1506 1578 1534; x_wconf 85' lang='lat' dir='ltr'><strong>carmen</strong></span> 
     </span>
     <span class='ocr_line' id='line_1_22' title="bbox 173 1563 1580 1612; baseline -0.001 -10"><span class='ocrx_word' id='word_1_165' title='bbox 173 1563 468 1612; x_wconf 89' lang='lat' dir='ltr'><strong>discerpendum</strong></span> <span class='ocrx_word' id='word_1_166' title='bbox 489 1564 690 1602; x_wconf 84' lang='lat' dir='ltr'><strong>videatur?</strong></span> <span class='ocrx_word' id='word_1_167' title='bbox 706 1585 763 1592; x_wconf 92' lang='lat'><strong>—-</strong></span> <span class='ocrx_word' id='word_1_168' title='bbox 779 1563 913 1612; x_wconf 88' lang='lat' dir='ltr'><strong>Neque</strong></span> <span class='ocrx_word' id='word_1_169' title='bbox 935 1565 1037 1601; x_wconf 91' lang='lat' dir='ltr'><strong>enim</strong></span> <span class='ocrx_word' id='word_1_170' title='bbox 1058 1563 1269 1602; x_wconf 89' lang='lat' dir='ltr'><strong>verendum</strong></span> <span class='ocrx_word' id='word_1_171' title='bbox 1291 1567 1352 1602; x_wconf 91' lang='lat' dir='ltr'><strong>est</strong></span> <span class='ocrx_word' id='word_1_172' title='bbox 1376 1574 1423 1601; x_wconf 93' lang='lat' dir='ltr'><strong>ne</strong></span> <span class='ocrx_word' id='word_1_173' title='bbox 1449 1565 1580 1601; x_wconf 86' lang='lat' dir='ltr'><strong>extre-</strong></span> 
     </span>
     <span class='ocr_line' id='line_1_23' title="bbox 172 1628 1579 1678; baseline 0 -10"><span class='ocrx_word' id='word_1_174' title='bbox 172 1642 256 1668; x_wconf 91' lang='lat' dir='ltr'><strong>mus</strong></span> <span class='ocrx_word' id='word_1_175' title='bbox 287 1631 396 1669; x_wconf 91' lang='lat' dir='ltr'><strong>locus</strong></span> <span class='ocrx_word' id='word_1_176' title='bbox 428 1642 450 1668; x_wconf 89' lang='lat' dir='ltr'><strong>a</strong></span> <span class='ocrx_word' id='word_1_177' title='bbox 477 1631 675 1678; x_wconf 87' lang='lat' dir='ltr'><strong>superiore</strong></span> <span class='ocrx_word' id='word_1_178' title='bbox 702 1630 870 1668; x_wconf 87' lang='lat' dir='ltr'><strong>carmine</strong></span> <span class='ocrx_word' id='word_1_179' title='bbox 892 1630 1090 1668; x_wconf 87' lang='lat' dir='ltr'><strong>dissideat.</strong></span> <span class='ocrx_word' id='word_1_180' title='bbox 1133 1630 1233 1678; x_wconf 80' lang='lat' dir='ltr'><strong>Quid</strong></span> <span class='ocrx_word' id='word_1_181' title='bbox 1255 1631 1355 1668; x_wconf 92' lang='lat' dir='ltr'><strong>enim</strong></span> <span class='ocrx_word' id='word_1_182' title='bbox 1375 1628 1579 1668; x_wconf 82' lang='lat' dir='ltr'><strong>narratur?</strong></span> 
     </span>
     <span class='ocr_line' id='line_1_24' title="bbox 172 1697 1580 1746; baseline -0.001 -9"><span class='ocrx_word' id='word_1_183' title='bbox 172 1697 365 1737; x_wconf 91' lang='lat' dir='ltr'><strong>Definitur</strong></span> <span class='ocrx_word' id='word_1_184' title='bbox 395 1709 470 1746; x_wconf 91' lang='lat' dir='ltr'><strong>quo</strong></span> <span class='ocrx_word' id='word_1_185' title='bbox 505 1698 648 1736; x_wconf 85' lang='lat' dir='ltr'><strong>classes</strong></span> <span class='ocrx_word' id='word_1_186' title='bbox 679 1698 928 1736; x_wconf 87' lang='lat' dir='ltr'><strong>convenerint</strong></span> <span class='ocrx_word' id='word_1_187' title='bbox 957 1699 1027 1746; x_wconf 91' lang='lat'><strong>(15</strong></span> <span class='ocrx_word' id='word_1_188' title='bbox 1051 1720 1105 1725; x_wconf 92' lang='lat'><strong>—</strong></span> <span class='ocrx_word' id='word_1_189' title='bbox 1131 1699 1201 1744; x_wconf 83' lang='lat'><strong>20)</strong></span> <span class='ocrx_word' id='word_1_190' title='bbox 1232 1701 1271 1736; x_wconf 91' lang='lat' dir='ltr'><strong>et</strong></span> <span class='ocrx_word' id='word_1_191' title='bbox 1307 1709 1407 1746; x_wconf 90' lang='lat' dir='ltr'><strong>quae</strong></span> <span class='ocrx_word' id='word_1_192' title='bbox 1438 1698 1580 1736; x_wconf 89' lang='lat' dir='ltr'><strong>classes</strong></span> 
     </span>
     <span class='ocr_line' id='line_1_25' title="bbox 175 1764 1578 1814; baseline 0 -11"><span class='ocrx_word' id='word_1_193' title='bbox 175 1766 402 1813; x_wconf 75' lang='lat' dir='ltr'><strong>(al—24),</strong></span> <span class='ocrx_word' id='word_1_194' title='bbox 424 1765 660 1803; x_wconf 89' lang='lat' dir='ltr'><strong>describitur</strong></span> <span class='ocrx_word' id='word_1_195' title='bbox 680 1764 869 1814; x_wconf 90' lang='lat' dir='ltr'><strong>quomodo</strong></span> <span class='ocrx_word' id='word_1_196' title='bbox 891 1765 993 1803; x_wconf 89' lang='lat' dir='ltr'><strong>acies</strong></span> <span class='ocrx_word' id='word_1_197' title='bbox 1013 1765 1228 1803; x_wconf 87' lang='lat' dir='ltr'><strong>instructae</strong></span> <span class='ocrx_word' id='word_1_198' title='bbox 1250 1765 1329 1802; x_wconf 90' lang='lat' dir='ltr'><strong>sint</strong></span> <span class='ocrx_word' id='word_1_199' title='bbox 1349 1765 1578 1813; x_wconf 84' lang='lat'>(25—26)‚</span> 
     </span>
     <span class='ocr_line' id='line_1_26' title="bbox 173 1832 1579 1883; baseline -0.001 -12"><span class='ocrx_word' id='word_1_200' title='bbox 173 1833 370 1872; x_wconf 89' lang='lat' dir='ltr'><strong>inducitur</strong></span> <span class='ocrx_word' id='word_1_201' title='bbox 391 1833 529 1882; x_wconf 90' lang='lat' dir='ltr'><strong>Apollo</strong></span> <span class='ocrx_word' id='word_1_202' title='bbox 551 1833 710 1882; x_wconf 89' lang='lat' dir='ltr'><strong>eiusque</strong></span> <span class='ocrx_word' id='word_1_203' title='bbox 730 1833 868 1883; x_wconf 91' lang='lat' dir='ltr'><strong>oratio,</strong></span> <span class='ocrx_word' id='word_1_204' title='bbox 892 1844 966 1881; x_wconf 88' lang='lat' dir='ltr'><strong>qua</strong></span> <span class='ocrx_word' id='word_1_205' title='bbox 986 1836 1029 1871; x_wconf 77' lang='lat' dir='ltr'><strong>ut</strong></span> <span class='ocrx_word' id='word_1_206' title='bbox 1049 1833 1260 1881; x_wconf 88' lang='lat' dir='ltr'><strong>imperator</strong></span> <span class='ocrx_word' id='word_1_207' title='bbox 1280 1835 1370 1871; x_wconf 88' lang='lat' dir='ltr'><strong>ante</strong></span> <span class='ocrx_word' id='word_1_208' title='bbox 1391 1832 1579 1881; x_wconf 89' lang='lat' dir='ltr'><strong>proelium</strong></span> 
     </span>
     <span class='ocr_line' id='line_1_27' title="bbox 175 1899 1580 1949; baseline 0 -10"><span class='ocrx_word' id='word_1_209' title='bbox 175 1901 315 1939; x_wconf 89' lang='lat' dir='ltr'><strong>milites</strong></span> <span class='ocrx_word' id='word_1_210' title='bbox 342 1901 397 1939; x_wconf 93' lang='lat' dir='ltr'><strong>ita</strong></span> <span class='ocrx_word' id='word_1_211' title='bbox 418 1902 633 1949; x_wconf 89' lang='lat' dir='ltr'><strong>Augustum</strong></span> <span class='ocrx_word' id='word_1_212' title='bbox 659 1901 821 1940; x_wconf 88' lang='lat' dir='ltr'><strong>victoria</strong></span> <span class='ocrx_word' id='word_1_213' title='bbox 840 1901 1098 1949; x_wconf 89' lang='lat' dir='ltr'><strong>promittenda</strong></span> <span class='ocrx_word' id='word_1_214' title='bbox 1118 1899 1317 1939; x_wconf 85' lang='lat' dir='ltr'><strong>confirmat</strong></span> <span class='ocrx_word' id='word_1_215' title='bbox 1336 1900 1580 1948; x_wconf 92' lang='lat' dir='ltr'><strong>animumque</strong></span> 
     </span>
     <span class='ocr_line' id='line_1_28' title="bbox 176 1967 1580 2017; baseline -0.001 -10"><span class='ocrx_word' id='word_1_216' title='bbox 176 1969 257 2007; x_wconf 92' lang='lat' dir='ltr'><strong>eius</strong></span> <span class='ocrx_word' id='word_1_217' title='bbox 280 1968 406 2017; x_wconf 88' lang='lat' dir='ltr'><strong>erigit,</strong></span> <span class='ocrx_word' id='word_1_218' title='bbox 429 1967 627 2016; x_wconf 89' lang='lat' dir='ltr'><strong>profertur</strong></span> <span class='ocrx_word' id='word_1_219' title='bbox 647 1968 834 2017; x_wconf 92' lang='lat' dir='ltr'><strong>proelium</strong></span> <span class='ocrx_word' id='word_1_220' title='bbox 855 1969 1110 2017; x_wconf 90' lang='lat' dir='ltr'><strong>commissum,</strong></span> <span class='ocrx_word' id='word_1_221' title='bbox 1131 1969 1261 2007; x_wconf 89' lang='lat' dir='ltr'><strong>hostes</strong></span> <span class='ocrx_word' id='word_1_222' title='bbox 1281 1967 1446 2016; x_wconf 85' lang='lat' dir='ltr'><strong>fugatos,</strong></span> <span class='ocrx_word' id='word_1_223' title='bbox 1469 1967 1580 2006; x_wconf 87' lang='lat' dir='ltr'><strong>Cleo-</strong></span> 
     </span>
     <span class='ocr_line' id='line_1_29' title="bbox 175 2031 1581 2086; baseline 0 -12"><span class='ocrx_word' id='word_1_224' title='bbox 175 2040 325 2084; x_wconf 86' lang='lat' dir='ltr'><strong>patram</strong></span> <span class='ocrx_word' id='word_1_225' title='bbox 345 2034 492 2084; x_wconf 89' lang='lat' dir='ltr'><strong>fugisse</strong></span> <span class='ocrx_word' id='word_1_226' title='bbox 513 2031 711 2086; x_wconf 87' lang='lat' dir='ltr'><strong>ipsamque</strong></span> <span class='ocrx_word' id='word_1_227' title='bbox 734 2036 807 2075; x_wconf 91' lang='lat' dir='ltr'><strong>sibi</strong></span> <span class='ocrx_word' id='word_1_228' title='bbox 828 2040 992 2075; x_wconf 89' lang='lat' dir='ltr'><strong>mortem</strong></span> <span class='ocrx_word' id='word_1_229' title='bbox 1014 2036 1241 2075; x_wconf 89' lang='lat' dir='ltr'><strong>conscivisse</strong></span> <span class='ocrx_word' id='word_1_230' title='bbox 1262 2038 1458 2074; x_wconf 83' lang='lat' dir='ltr'><strong>narratur:</strong></span> <span class='ocrx_word' id='word_1_231' title='bbox 1487 2035 1581 2084; x_wconf 89' lang='lat' dir='ltr'><strong>quid</strong></span> 
     </span>
     <span class='ocr_line' id='line_1_30' title="bbox 177 2101 1583 2153; baseline 0 -11"><span class='ocrx_word' id='word_1_232' title='bbox 177 2104 330 2142; x_wconf 88' lang='lat' dir='ltr'><strong>tandem</strong></span> <span class='ocrx_word' id='word_1_233' title='bbox 356 2103 396 2141; x_wconf 93' lang='lat' dir='ltr'><strong>id</strong></span> <span class='ocrx_word' id='word_1_234' title='bbox 422 2106 480 2141; x_wconf 87' lang='lat' dir='ltr'><strong>est</strong></span> <span class='ocrx_word' id='word_1_235' title='bbox 501 2103 574 2141; x_wconf 91' lang='lat' dir='ltr'><strong>nisi</strong></span> <span class='ocrx_word' id='word_1_236' title='bbox 599 2103 766 2142; x_wconf 91' lang='lat' dir='ltr'><strong>bellum</strong></span> <span class='ocrx_word' id='word_1_237' title='bbox 793 2101 854 2142; x_wconf 93' lang='lat' dir='ltr'><strong>vel</strong></span> <span class='ocrx_word' id='word_1_238' title='bbox 878 2107 923 2142; x_wconf 92' lang='lat' dir='ltr'><strong>ut</strong></span> <span class='ocrx_word' id='word_1_239' title='bbox 947 2106 1082 2153; x_wconf 86' lang='lat' dir='ltr'><strong>poetae</strong></span> <span class='ocrx_word' id='word_1_240' title='bbox 1105 2115 1220 2152; x_wconf 86' lang='lat' dir='ltr'><strong>saepe</strong></span> <span class='ocrx_word' id='word_1_241' title='bbox 1240 2104 1429 2152; x_wconf 86' lang='lat' dir='ltr'><strong>pluralem</strong></span> <span class='ocrx_word' id='word_1_242' title='bbox 1451 2103 1583 2142; x_wconf 91' lang='lat' dir='ltr'><strong>dicunt</strong></span> 
     </span>
     <span class='ocr_line' id='line_1_31' title="bbox 177 2169 1584 2221; baseline 0.001 -12"><span class='ocrx_word' id='word_1_243' title='bbox 177 2171 298 2210; x_wconf 90' lang='lat' dir='ltr'><strong>bella</strong></span> <span class='ocrx_word' id='word_1_244' title='bbox 324 2169 482 2220; x_wconf 78' lang='lat' dir='ltr'><strong>canei-e,</strong></span> <span class='ocrx_word' id='word_1_245' title='bbox 509 2171 541 2209; x_wconf 90' lang='lat' dir='ltr'><strong>si</strong></span> <span class='ocrx_word' id='word_1_246' title='bbox 562 2182 636 2209; x_wconf 90' lang='lat' dir='ltr'><strong>non</strong></span> <span class='ocrx_word' id='word_1_247' title='bbox 658 2174 703 2210; x_wconf 91' lang='lat' dir='ltr'><strong>ut</strong></span> <span class='ocrx_word' id='word_1_248' title='bbox 724 2172 824 2220; x_wconf 88' lang='lat' dir='ltr'><strong>epici</strong></span> <span class='ocrx_word' id='word_1_249' title='bbox 845 2175 886 2210; x_wconf 89' lang='lat' dir='ltr'><strong>at</strong></span> <span class='ocrx_word' id='word_1_250' title='bbox 906 2175 1033 2210; x_wconf 86' lang='lat' dir='ltr'><strong>tamen</strong></span> <span class='ocrx_word' id='word_1_251' title='bbox 1053 2172 1109 2210; x_wconf 91' lang='lat' dir='ltr'><strong>ita</strong></span> <span class='ocrx_word' id='word_1_252' title='bbox 1130 2175 1174 2210; x_wconf 94' lang='lat' dir='ltr'><strong>ut</strong></span> <span class='ocrx_word' id='word_1_253' title='bbox 1194 2172 1305 2221; x_wconf 90' lang='lat' dir='ltr'><strong>lyrici</strong></span> <span class='ocrx_word' id='word_1_254' title='bbox 1326 2175 1463 2220; x_wconf 88' lang='lat' dir='ltr'><strong>poetae</strong></span> <span class='ocrx_word' id='word_1_255' title='bbox 1483 2172 1584 2211; x_wconf 90' lang='lat' dir='ltr'><strong>bella</strong></span> 
     </span>
     <span class='ocr_line' id='line_1_32' title="bbox 178 2237 1582 2290; baseline 0.001 -15"><span class='ocrx_word' id='word_1_256' title='bbox 178 2238 343 2276; x_wconf 82' lang='lat' dir='ltr'><strong>canunt?</strong></span> <span class='ocrx_word' id='word_1_257' title='bbox 365 2237 493 2286; x_wconf 86' lang='lat' dir='ltr'><strong>Atque</strong></span> <span class='ocrx_word' id='word_1_258' title='bbox 515 2249 561 2276; x_wconf 90' lang='lat' dir='ltr'><strong>ea</strong></span> <span class='ocrx_word' id='word_1_259' title='bbox 582 2238 735 2287; x_wconf 87' lang='lat' dir='ltr'><strong>quidem</strong></span> <span class='ocrx_word' id='word_1_260' title='bbox 758 2240 885 2278; x_wconf 90' lang='lat' dir='ltr'><strong>omnia</strong></span> <span class='ocrx_word' id='word_1_261' title='bbox 906 2251 951 2277; x_wconf 92' lang='lat' dir='ltr'><strong>eo</strong></span> <span class='ocrx_word' id='word_1_262' title='bbox 967 2239 1125 2278; x_wconf 91' lang='lat' dir='ltr'><strong>consilio</strong></span> <span class='ocrx_word' id='word_1_263' title='bbox 1142 2243 1360 2290; x_wconf 86' lang='lat' dir='ltr'><strong>narrantur,</strong></span> <span class='ocrx_word' id='word_1_264' title='bbox 1383 2243 1428 2277; x_wconf 88' lang='lat' dir='ltr'><strong>ut</strong></span> <span class='ocrx_word' id='word_1_265' title='bbox 1448 2251 1517 2278; x_wconf 93' lang='lat' dir='ltr'><strong>cur</strong></span> <span class='ocrx_word' id='word_1_266' title='bbox 1533 2240 1582 2277; x_wconf 89' lang='lat' dir='ltr'><strong>sit</strong></span> 
     </span>
     <span class='ocr_line' id='line_1_33' title="bbox 179 2305 1583 2356; baseline 0.002 -14"><span class='ocrx_word' id='word_1_267' title='bbox 179 2305 347 2354; x_wconf 89' lang='lat' dir='ltr'><strong>Apollini</strong></span> <span class='ocrx_word' id='word_1_268' title='bbox 368 2305 546 2344; x_wconf 87' lang='lat' dir='ltr'><strong>Palatina</strong></span> <span class='ocrx_word' id='word_1_269' title='bbox 577 2307 691 2345; x_wconf 87' lang='lat' dir='ltr'><strong>aedes</strong></span> <span class='ocrx_word' id='word_1_270' title='bbox 713 2306 891 2346; x_wconf 90' lang='lat' dir='ltr'><strong>dedicata</strong></span> <span class='ocrx_word' id='word_1_271' title='bbox 912 2308 1156 2356; x_wconf 88' lang='lat' dir='ltr'><strong>ostendatur,</strong></span> <span class='ocrx_word' id='word_1_272' title='bbox 1188 2307 1254 2345; x_wconf 89' lang='lat' dir='ltr'><strong>sed</strong></span> <span class='ocrx_word' id='word_1_273' title='bbox 1274 2310 1404 2346; x_wconf 90' lang='lat' dir='ltr'><strong>tamen</strong></span> <span class='ocrx_word' id='word_1_274' title='bbox 1424 2307 1487 2345; x_wconf 89' lang='lat' dir='ltr'><strong>hic</strong></span> <span class='ocrx_word' id='word_1_275' title='bbox 1508 2318 1583 2345; x_wconf 92' lang='lat' dir='ltr'><strong>non</strong></span> 
     </span>
     <span class='ocr_line' id='line_1_34' title="bbox 179 2374 1584 2424; baseline 0.001 -13"><span class='ocrx_word' id='word_1_276' title='bbox 179 2374 380 2421; x_wconf 89' lang='lat' dir='ltr'><strong>quaeritur</strong></span> <span class='ocrx_word' id='word_1_277' title='bbox 407 2385 482 2422; x_wconf 90' lang='lat' dir='ltr'><strong>quo</strong></span> <span class='ocrx_word' id='word_1_278' title='bbox 509 2375 668 2413; x_wconf 90' lang='lat' dir='ltr'><strong>consilio</strong></span> <span class='ocrx_word' id='word_1_279' title='bbox 690 2375 758 2414; x_wconf 90' lang='lat' dir='ltr'><strong>sed</strong></span> <span class='ocrx_word' id='word_1_280' title='bbox 780 2375 872 2424; x_wconf 89' lang='lat' dir='ltr'><strong>quid</strong></span> <span class='ocrx_word' id='word_1_281' title='bbox 894 2380 1088 2415; x_wconf 88' lang='lat' dir='ltr'><strong>narretur.</strong></span> <span class='ocrx_word' id='word_1_282' title='bbox 1131 2375 1237 2424; x_wconf 84' lang='lat' dir='ltr'><strong>Quod</strong></span> <span class='ocrx_word' id='word_1_283' title='bbox 1259 2387 1307 2414; x_wconf 93' lang='lat' dir='ltr'><strong>ne</strong></span> <span class='ocrx_word' id='word_1_284' title='bbox 1328 2374 1584 2424; x_wconf 81' lang='lat' dir='ltr'><strong>concedamus</strong></span> 
     </span>
     <span class='ocr_line' id='line_1_35' title="bbox 180 2441 1586 2493; baseline 0.002 -15"><span class='ocrx_word' id='word_1_285' title='bbox 180 2451 264 2479; x_wconf 87' lang='lat' dir='ltr'><strong>cum</strong></span> <span class='ocrx_word' id='word_1_286' title='bbox 283 2441 565 2481; x_wconf 87' lang='lat' dir='ltr'><strong>Luettiohanne</strong></span> <span class='ocrx_word' id='word_1_287' title='bbox 587 2443 733 2491; x_wconf 86' lang='lat' dir='ltr'><strong>epicum</strong></span> <span class='ocrx_word' id='word_1_288' title='bbox 756 2443 946 2492; x_wconf 89' lang='lat' dir='ltr'><strong>quoddam</strong></span> <span class='ocrx_word' id='word_1_289' title='bbox 967 2455 1102 2492; x_wconf 89' lang='lat' dir='ltr'><strong>poema</strong></span> <span class='ocrx_word' id='word_1_290' title='bbox 1123 2444 1357 2492; x_wconf 82' lang='lat' dir='ltr'><strong>excogitare,</strong></span> <span class='ocrx_word' id='word_1_291' title='bbox 1380 2442 1479 2493; x_wconf 89' lang='lat' dir='ltr'><strong>quod</strong></span> <span class='ocrx_word' id='word_1_292' title='bbox 1488 2442 1586 2482; x_wconf 90' lang='lat' dir='ltr'><strong>Pro-</strong></span> 
     </span>
    </p>

    <p class='ocr_par' dir='ltr' id='par_1_4' title="bbox 1332 2518 1351 2547">
     <span class='ocr_line' id='line_1_36' title="bbox 1332 2518 1351 2547; baseline 0 0"><span class='ocrx_word' id='word_1_293' title='bbox 1332 2518 1351 2547; x_wconf 89' lang='lat'>6</span> 
     </span>
    </p>
   </div>
  </div>
 </body>
</html>
