1862 2676
737 131 962 168 —53-

272 245 370 284 Nam
391 244 483 294 quid
504 255 574 294 ego
595 245 768 285 adiiciam
785 245 833 284 de
849 256 924 294 quo
939 245 1033 283 mihi
1054 244 1217 283 maxima
1239 243 1342 283 fama
1361 248 1433 294 est,

331 313 542 352 Hortorum
562 312 601 351 in
621 313 792 352 manibus
814 313 913 352 dona
931 312 1093 361 probata
1113 312 1238 351 meis?

275 379 480 420 Caeruleus
501 381 666 419 cucumis
686 380 907 430 tumidoque
928 379 1124 417 cucurbita
1145 383 1278 417 ventre

330 447 396 485 Me
418 449 524 485 notat
544 450 582 485 et
601 447 716 486 iunco
738 446 909 485 brassica
930 446 1057 484 vincta
1076 445 1174 484 levi:

273 516 352 553 Nec
372 514 441 552 flos
462 516 562 553 ullus
584 517 661 554 hiat
683 515 819 564 pratis,
842 514 930 562 quin
951 514 1016 551 ille
1037 513 1219 551 decenter

330 582 537 630 Impositus
559 582 674 621 fronti
694 582 874 629 langueat
895 585 981 619 ante
1003 591 1123 618 meae.
1143 601 1199 607 -—

155 705 199 738 ut
217 704 304 738 ante
325 700 402 737 iam
427 698 660 737 Schraderus
687 703 726 736 et
752 698 1031 745 Lachmannus,
1059 709 1220 746 cumque
1247 699 1308 736 hic
1336 699 1477 737 nullum
1504 701 1551 738 iis

156 773 302 806 certum
327 768 449 805 locum
478 767 655 816 vindicet,
688 766 750 805 ille
776 777 841 805 eos
872 769 961 814 post
986 777 1041 804 vs.
1070 767 1134 804 18.
1163 766 1339 814 collocet,
1364 767 1444 815 ipse
1465 773 1551 816 post

154 848 209 873 vs.
242 838 307 873 12.
335 835 529 873 transfert.
560 836 732 883 Namque
758 835 831 882 hic,
866 835 1002 882 inquit,
1033 846 1102 871 cur
1128 835 1327 871 hortorum
1360 835 1551 873 cultorum

155 904 355 941 maximam
377 903 449 941 sibi
470 903 608 941 famam
630 914 714 941 esse
736 902 923 950 gloriatur
943 901 1201 939 Vertumnus?
1226 913 1273 939 an
1296 906 1337 939 ut
1360 903 1552 950 sirpiculis

153 972 278 1011 medio
304 972 460 1021 pulvere
487 982 596 1009 rosas
627 982 668 1008 se
699 969 802 1008 ferre
833 981 946 1018 posse
978 970 1175 1008 ostendat?
1205 974 1244 1008 at
1270 971 1412 1009 ceteris
1438 972 1552 1010 huius

153 1040 305 1086 generis
326 1039 501 1077 distichis
521 1039 746 1076 documenta
771 1049 843 1076 non
866 1038 1034 1076 addidit:
1059 1050 1129 1076 cur
1149 1039 1237 1077 huic
1259 1035 1433 1077 adiunxit
1453 1051 1551 1088 quae

154 1120 200 1147 ne
223 1107 466 1147 convenirent
487 1107 638 1155 quidem
661 1106 810 1144 omnino
831 1106 870 1144 in
892 1106 998 1144 rem?
1019 1117 1105 1144 nam
1126 1118 1184 1144 vv.
1210 1108 1277 1145 45.
1301 1119 1355 1156 sq.
1380 1108 1552 1157 exempla

152 1176 280 1223 potius
312 1175 415 1212 illum
449 1174 585 1212 afferre
621 1174 883 1211 demonstrant
917 1172 1112 1211 fructuum
1147 1175 1186 1211 in
1223 1186 1332 1211 suum
1368 1175 1549 1214 honorem

152 1247 458 1292 praeceptorum,
481 1243 527 1281 de
548 1242 608 1280 his
629 1246 754 1280 autem
778 1242 854 1280 iam
876 1254 933 1279 vv.
957 1244 1020 1280 11.
1045 1254 1125 1291 sqq.
1150 1243 1267 1282 verba
1287 1242 1392 1282 facit.
1417 1245 1549 1284 simili·

153 1315 289 1359 terque
322 1311 410 1358 quid
448 1309 560 1348 fama
596 1309 642 1347 de
678 1310 762 1357 ipso
799 1312 955 1358 eiusque
991 1311 1142 1348 nomine
1179 1312 1360 1349 statuerit
1396 1319 1552 1352 enarrat

153 1391 207 1417 vs.
236 1381 280 1416 11
307 1400 365 1405 —
388 1380 454 1416 20.
485 1377 670 1426 simulque
698 1383 741 1416 ut
764 1379 984 1417 testimonia
1008 1377 1156 1416 fructus
1187 1378 1260 1416 sibi
1287 1378 1422 1416 allatos
1450 1391 1551 1418 com-

156 1449 354 1482 memorat.
364 1467 411 1472 —
425 1444 579 1483 Omnem
595 1446 960 1492 argumentationem
973 1445 1076 1482 trahi
1090 1445 1260 1483 videmus
1273 1456 1318 1483 ex
1334 1444 1416 1483 fam
1424 1458 1458 1483 a.
1473 1446 1549 1484 Sed

153 1524 220 1551 nec
243 1523 338 1561 quae
361 1513 411 1551 sit
432 1513 477 1551 de
499 1513 648 1551 nomine
668 1513 873 1551 Vertumni
893 1512 994 1551 fama
1014 1513 1072 1561 (ut
1092 1524 1148 1551 vs.
1165 1514 1240 1551 -19.
1264 1513 1429 1552 Mendax
1449 1514 1549 1553 fama

152 1583 280 1628 noces)
300 1580 491 1619 indicatur
511 1592 633 1629 neque
655 1582 855 1618 hortorum
880 1580 981 1618 fama
1006 1581 1064 1618 vel
1089 1581 1213 1629 gloria
1237 1586 1483 1630 memoratur,
1508 1588 1550 1621 ut

152 1660 261 1688 rosas
284 1660 395 1697 posse
416 1648 516 1687 ferre
539 1649 727 1697 sirpiculis
748 1652 948 1697 appaream
972 1660 1101 1687 verum
1125 1661 1186 1687 res
1208 1653 1286 1688 tam
1309 1650 1468 1700 simplex
1491 1656 1550 1690 est

152 1721 196 1755 ut
221 1728 295 1754 non
321 1716 431 1754 facile
456 1728 681 1765 quemquam
706 1716 841 1765 fugiat,
869 1718 934 1764 qui
960 1728 1033 1754 non
1059 1717 1106 1754 de
1134 1717 1323 1755 industria
1349 1719 1489 1756 nodum
1509 1720 1547 1757 in

152 1785 279 1834 scirpo
310 1788 482 1834 quaerat.
519 1783 753 1823 Vertumnus
781 1789 822 1822 ut
849 1788 1095 1833 opportunam
1124 1796 1231 1823 suam
1258 1796 1341 1824 esse
1371 1790 1547 1826 naturam

151 1854 323 1892 omnibus
344 1853 476 1900 figuris
498 1853 645 1901 doceat,
669 1859 762 1901 quot
783 1865 968 1901 quamque
984 1854 1109 1890 varias
1129 1852 1272 1901 figuras
1293 1854 1432 1892 habeat
1453 1867 1545 1892 enu-

152 1924 284 1960 merat.
308 1920 508 1959 Nonnullis
529 1921 748 1971 simpliciter
771 1921 988 1960 memoratis
1009 1921 1084 1959 iam
1105 1921 1400 1970 occupatione
1421 1923 1545 1961 utitur

152 2002 264 2037 quam
290 1990 383 2027 dicit
408 1995 543 2028 auctor
567 1990 751 2028 librorum
778 1990 825 2027 ad
853 1989 1088 2027 Herennium
1114 1989 1183 2037 IV,
1213 1993 1278 2036 26,
1304 1992 1391 2028 37.:
1421 1991 1545 2029 Occu-

151 2058 255 2105 patio
278 2061 337 2096 est
357 2069 441 2096 cum
464 2058 626 2095 dicimus
647 2068 715 2095 nos
736 2058 948 2107 praeterire
969 2061 1035 2095 aut
1061 2068 1134 2095 non
1161 2058 1261 2096 scire
1286 2063 1354 2097 aut
1373 2059 1471 2097 nolle
1493 2059 1547 2098 di-

153 2136 240 2163 cere
271 2125 324 2173 id,
352 2125 454 2174 quod
479 2130 570 2163 tunc
597 2126 757 2164 maxime
782 2125 954 2163 dicimus.
986 2125 1030 2162 In
1061 2136 1136 2173 qua
1165 2124 1289 2174 figura
1320 2126 1546 2175 Seyffertius

150 2192 293 2243 (Schol.
316 2192 441 2232 Latin.
465 2193 496 2242 Ι,
518 2204 555 2241 p.
582 2193 664 2243 30.)
691 2193 861 2232 ostendit
887 2205 981 2231 nam
1008 2193 1063 2230 ita
1088 2193 1176 2241 dici,
1204 2198 1246 2232 ut
1268 2194 1300 2233 si
1332 2195 1397 2243 qui
1429 2206 1546 2244 quae-

150 2263 250 2309 rant,
272 2271 343 2299 cur
363 2272 426 2299 res
447 2272 522 2299 non
547 2262 656 2309 prius
683 2264 894 2300 memorata
921 2262 982 2309 sit,
1010 2261 1058 2299 iis
1084 2267 1322 2301 occurratur.
1351 2263 1459 2312 Ergo
1481 2275 1547 2312 per

151 2328 437 2379 occupationem
464 2340 520 2367 vs.
554 2332 622 2369 41.
659 2341 774 2370 novas
799 2329 940 2379 figuras
967 2329 1118 2378 profert
1148 2342 1242 2379 quas
1269 2330 1451 2370 decenter
1475 2331 1543 2370 ha-

149 2397 251 2445 beat,
279 2402 322 2436 ut
340 2397 512 2436 Tibullus
532 2398 588 2436 ait
608 2397 676 2437 IV.
703 2401 741 2448 2,
768 2400 832 2438 13.
857 2410 886 2437 8.
