1862 2676
760 85 985 122 ..19-

181 191 280 242 Nam
302 201 427 240 iacere
447 211 488 239 se
508 200 564 239 ita
584 200 689 249 dicit,
716 203 760 239 ut
783 210 824 239 se
845 184 874 238 a⁴
897 199 1059 249 publicis
1080 198 1291 250 honoribus
1306 199 1501 235 remotum
1522 196 1573 234 si-

180 270 354 321 gnificet:
386 258 542 308 secures
573 270 683 318 enim,
716 278 876 318 quarum
906 267 1028 306 amico
1059 278 1145 316 spes
1177 266 1241 314 sit,
1273 276 1366 304 suae
1397 264 1576 303 fortunae

180 338 347 391 opponit.
361 337 418 377 Ac
436 336 546 386 plane
568 336 704 376 similia
723 335 806 385 ipse
828 335 875 374 de
896 346 936 374 se
958 334 1155 384 praedicat
1177 333 1531 383 Ovidius,—usque
1553 342 1577 371 a

181 406 332 456 proavis
353 409 464 444 vetus
489 404 631 443 ordinis
655 392 781 452 heres,
809 403 896 442 Non
922 403 1036 441 modo
1062 402 1241 440 fortunae
1266 412 1423 439 munere
1450 399 1577 439 factus

182 485 311 524 eques.
336 473 469 523 (Trist,
491 470 559 520 IV,
587 475 650 521 10,
674 473 712 511 7.
736 472 799 520 s.):

182 573 266 611 Am.
285 571 315 620 Ι,
336 571 373 620 3,
393 571 430 609 7.
454 581 504 609 ss,
527 569 564 609 Si
585 581 646 608 me
662 580 736 608 non
753 572 923 607 veterum
939 567 1204 606 commendant
1220 576 1358 614 magna
1373 568 1576 614 parentum

586 637 762 686 Nomina,
784 636 817 674 si
837 636 958 674 nostri
982 635 1175 684 sanguinis
1197 638 1333 672 auctor
1353 644 1480 682 eques,

527 706 609 745 Nec
631 716 739 744 meus
760 703 971 742 innumeris
987 707 1192 742 renovatur
1209 713 1364 750 campus
1380 702 1575 739 aratris—

183 776 227 812 A.
251 775 297 811 A.
326 774 380 821 II,
407 775 499 811 165.
575 772 813 821 Pauperibus
832 766 938 809 vates
950 782 1018 819 ego
1030 770 1573 818 sum,quiapauperamavi;—

183 879 319 918 similia
349 879 437 917 item
464 878 655 925 Tibullus,
682 877 792 915 cuius
818 871 996 914 fortunae
1019 875 1213 924 Propertii
1241 874 1434 913 fortunam
1460 874 1577 913 fuisse

183 946 343 984 similem
355 945 525 984 cernitur
540 956 586 982 ex
600 944 666 983 illa
681 944 841 993 pertica,
861 943 970 982 cuius
986 945 1215 982 mentionem
1234 942 1327 981 facit
1337 941 1404 991 IV,
1417 944 1452 991 1,
1466 944 1483 980 1
1495 943 1576 980 30.:

297 1052 394 1091 Nam
415 1056 482 1090 tua
503 1063 588 1090 cum
609 1052 719 1090 multi
741 1056 937 1090 versarent
958 1063 1052 1089 rura
1072 1051 1236 1098 iuvenci,

385 1120 555 1158 Abstulit
576 1120 745 1158 excultas
766 1120 915 1168 pertica
934 1119 1059 1157 tristis
1081 1130 1183 1167 opes.
1207 1140 1262 1146 -—-

270 1226 443 1274 Quintam
466 1226 624 1273 elegiam
649 1217 691 1263 ut
711 1226 904 1273 Propertii
933 1229 1045 1273 neget
1076 1236 1159 1263 esse
1183 1224 1377 1263 Caruttius
1408 1228 1581 1262 movetur

182 1295 343 1342 septima
364 1293 484 1341 elegia
504 1293 618 1342 primi
637 1293 726 1330 libri
742 1293 923 1331 Amorum
946 1292 1083 1331 Ovidii.
1109 1292 1231 1331 Simili
1252 1296 1342 1331 sunt
1362 1291 1499 1341 factae,
1521 1293 1577 1330 in-

183 1362 277 1410 quit,
301 1364 533 1409 argumento,
558 1361 673 1398 simili
692 1361 924 1407 inventione,
955 1361 1125 1408 quamvis
1152 1360 1328 1398 dissimili
1349 1360 1519 1398 oratione
1541 1364 1580 1398 et

184 1428 284 1477 stilo,
307 1428 489 1477 additque
512 1431 687 1466 neutrum
709 1427 833 1466 altero
856 1427 1065 1466 verisimile
1093 1439 1176 1466 esse
1205 1429 1257 1466 ita
1283 1427 1455 1475 abusum,
1480 1427 1578 1476 Cyn-

182 1497 299 1535 thiam
322 1507 502 1544 nusquam
527 1496 723 1545 nominari,
753 1497 816 1544 qui
843 1496 904 1534 hic
932 1500 1109 1534 narretur
1135 1508 1263 1535 rerum
1290 1500 1413 1534 status
1434 1507 1519 1534 eum
1539 1496 1578 1533 in

183 1564 284 1601 illam
311 1575 384 1601 non
417 1564 568 1601 cadere.
599 1564 753 1610 Fateor3
783 1564 945 1601 interest
971 1564 1114 1611 aliquid
1136 1565 1237 1602 inter
1258 1575 1340 1602 eam
1364 1563 1577 1612 cynthiam,

183 1643 278 1681 quae
299 1624 386 1670 cum
407 1631 552 1669 mannis
574 1631 785 1669 Lanuvium
813 1630 967 1670 vehitur
991 1632 1317 1680 praetereuntium
1345 1631 1476 1670 oculos
1496 1632 1578 1669 ani-

183 1711 341 1749 mosque
372 1699 576 1748 convertit,
609 1703 648 1737 et
673 1699 771 1737 hanc
797 1699 961 1747 puellam
988 1711 1084 1748 quae
1111 1711 1195 1737 cum
1228 1700 1331 1748 turpi
1362 1699 1511 1738 anicula
1541 1702 1580 1737 in

184 1768 323 1816 frigida
342 1767 501 1817 pergula
521 1767 680 1805 habitat.
708 1766 780 1806 Sed
806 1778 927 1816 neque
953 1767 1048 1805 illud
1073 1779 1299 1816 quemquam
1327 1766 1422 1816 fugit
1441 1767 1578 1805 huius-

185 1836 285 1874 modi
316 1836 515 1874 mulierum
546 1834 737 1873 fortunam
769 1835 1000 1884 gravissimis
1032 1835 1359 1874 vicissitudinibus
1391 1834 1579 1873 obiectam

186 1914 286 1951 esse,
318 1914 388 1941 nec
416 1903 619 1952 Cynthiam
645 1903 726 1951 hic,
761 1915 835 1941 non
867 1903 977 1942 aliam
1010 1902 1214 1952 significari
1241 1903 1477 1952 exploratum
1505 1907 1577 1941 est.

185 1972 304 2010 Immo
326 1982 411 2010 cum
431 1972 502 2010 hoc
525 1982 676 2021 quoque
698 1972 848 2010 carmen
871 1984 917 2011 ex
937 1972 1106 2011 metricis
1133 1971 1343 2010 rationibus
1363 1971 1579 2020 posteriore

185 2044 358 2088 tempore
380 2040 565 2088 scriptum
585 2040 774 2089 videatur,
798 2040 908 2089 plane
928 2052 1002 2079 non
1025 2040 1207 2079 dissimile
1230 2041 1311 2079 veri
1332 2044 1389 2078 est
1408 2039 1576 2088 Proper-

187 2109 282 2146 tium
302 2112 345 2146 ut
365 2108 452 2146 olim
474 2108 625 2146 discidii
646 2112 819 2157 tempore
843 2120 930 2147 cum
956 2109 1093 2148 vilibus
1119 2121 1198 2147 rem
1224 2108 1402 2147 habuerit
1421 2108 1477 2146 ita
1496 2112 1579 2146 tum

187 2186 321 2213 rursus
352 2176 478 2214 alieno
510 2176 632 2214 amori
663 2176 842 2215 servisse.
878 2176 979 2226 Quid
1011 2177 1113 2226 quod
1143 2178 1236 2216 haec
1262 2175 1388 2225 puella
1413 2175 1580 2214 fortasse

188 2243 319 2281 eadem
345 2247 416 2292 est,
444 2255 554 2293 quae,
581 2243 694 2282 modo
718 2255 787 2293 per
813 2245 908 2283 viles
933 2245 1106 2294 inspecta
1130 2249 1187 2283 est
1211 2244 1364 2293 publica
1387 2248 1531 2290 noctes,
1556 2254 1579 2280 a

189 2322 263 2360 qua
283 2310 331 2360 V,
357 2312 393 2349 7.
416 2311 552 2350 umbra
574 2310 762 2361 Cynthiae
783 2323 869 2351 eum
895 2313 1019 2351 teneri
1040 2313 1238 2362 queritur?
1258 2313 1579 2361 Argumentorum

188 2391 276 2418 vero
297 2390 407 2429 quem
429 2379 636 2419 similitudo
664 2379 832 2430 offendit,
854 2382 886 2419 is
907 2392 948 2419 se
970 2393 1067 2431 quae
1082 2382 1182 2420 ratio
1204 2385 1241 2420 et
1261 2381 1502 2420 necessitudo
1522 2379 1580 2416 in-

189 2451 248 2484 ter
288 2447 474 2497 elegiacos
509 2447 611 2486 illius
647 2449 828 2498 temporis
866 2452 999 2497 poetas
1034 2449 1244 2489 intercedat
1283 2449 1394 2498 plane
1432 2448 1583 2487 nescire

1349 2516 1364 2533 *
