1862 2676
775 77 1005 117 ...13-

196 189 476 254 &lumbum
493 194 536 233 et
542 191 731 236 Philetain
749 191 959 256 imitabor
946 192 1070 243 iisque
1083 191 1292 235 imitmfis
1296 192 1342 231 et
1360 184 1496 229 nomen
1511 187 1586 228 im·

194 250 358 305 mortale
379 271 571 311 assequar
589 264 628 300 et
653 260 813 301 amicam
830 259 1065 300 delectabo.
1084 248 1191 303 Idem
1209 259 1281 309 IV,
1305 260 1342 299 1.
1359 258 1414 299 de
1431 251 1587 307 antiqua

196 324 443 380 simplicitate
472 329 581 369 urbis
614 317 755 369 Romae
784 316 1115 378 Romanorumque
1145 328 1296 368 locutus
1325 327 1514 367 volentem
1548 336 1591 364 se

195 397 349 448 quidem
366 396 462 439 facit
487 408 596 438 sacra
620 398 776 447 diesque
802 407 952 446 canere,
979 396 1048 436 sed
1073 396 1122 436 ab
1151 396 1348 446 astrologo
1373 395 1422 457 ad
1448 384 1598 435 amate*

201 465 296 505 riam
328 466 488 516 elegiam
517 466 702 505 revocari.
739 466 793 504 At
817 465 849 514 I,
880 468 932 514 1.,
959 465 1032 510 etsi
1063 464 1110 504 de
1145 464 1376 504 carminibus
1405 464 1487 503 suis
1511 474 1586 503 non

194 534 379 584 loquitur,
410 538 536 573 tamen
568 546 654 574 cum
678 536 801 573 totum
832 545 874 572 se
904 537 944 573 et
972 545 1116 572 summo
1146 535 1187 572 et
1225 531 1370 572 infelici
1401 531 1588 583 Cynthiae

194 613 325 642 amore
345 602 449 641 dicat
467 604 603 652 teneri,
625 603 697 641 hoc
717 602 800 651 ipso
820 600 926 650 facit,
942 605 986 640 ut
1006 613 1103 651 quae
1124 602 1202 640 sint
1221 601 1389 640 carmina
1409 603 1590 640 secutura

157 699 163 726 ÷
195 671 372 711 ostendat
392 673 432 713 et
451 671 560 721 quasi
580 669 724 710 fontem
744 681 875 709 eorum
893 669 1107 720 legentibus
1128 670 1290 720 aperiat.
1308 669 1406 709 Cum
1419 669 1480 709 his
1497 668 1588 718 quid

195 750 394 777 commune
424 740 540 778 habet
569 739 623 788 II,
661 741 739 788 10.‚
761 751 835 787 quo
863 750 903 777 se
928 740 1054 787 primo
1083 727 1139 777 ait
1167 738 1314 777 relictis
1349 738 1414 787 qui
1444 738 1588 776 ineunti

194 807 312 846 aetati
338 807 561 847 conveniant
585 806 779 846 amoribus
806 806 973 856 Augusti
998 809 1126 846 castra
1151 806 1248 845 velle
1269 816 1421 855 canere,
1453 805 1590 845 deinde

197 886 293 924 quae
312 876 388 914 iam
411 877 485 914 sint
515 875 649 914 effecta
677 875 717 913 in
741 874 833 913 Asia
863 874 1032 914 breviter
1061 874 1231 914 celebrat
1260 875 1384 924 deque
1415 874 1464 913 iis
1494 884 1590 923 quae

196 943 340 982 instent
369 944 406 981 in
439 943 533 982 Asia
563 943 736 982 victoriis
765 943 876 992 plura
905 943 1117 993 pollicetur,
1149 945 1345 992 postremo
1373 942 1445 981 hoc
1470 941 1592 991 ipsum

197 1011 396 1061 parvulum
416 1023 566 1051 carmen
589 1023 671 1051 cum
699 1023 837 1051 corona
863 1023 959 1062 quae
984 1012 1031 1051 ad
1056 1012 1174 1062 pedes
1199 1011 1326 1061 magni
1352 1010 1452 1061 signi
1473 1010 1588 1061 depo·

195 1083 308 1118 natur
338 1084 534 1129 comparat
569 1080 841 1128 levitatemque
876 1081 958 1118 eius
986 1079 1207 1118 infirmitate
1247 1080 1392 1128 ingenii
1420 1080 1590 1128 artisque

197 1159 289 1188 suae
311 1149 493 1188 excusat?
515 1172 570 1177 —-
592 1149 645 1188 At
665 1161 713 1188 ex
732 1151 808 1188 tam
835 1148 965 1198 paucis
992 1148 1099 1188 libris
1120 1148 1318 1198 Propertii
1337 1143 1441 1187 nulla
1460 1150 1591 1197 potest

197 1218 416 1255 coniectura
435 1216 518 1255 fieri
540 1217 583 1255 de
606 1218 708 1255 omni
732 1228 887 1265 genere,
909 1218 949 1254 in
975 1228 1050 1265 quo
1071 1217 1289 1255 huiusmodi
1315 1216 1484 1255 carmina
1504 1227 1589 1254 ver-

197 1288 341 1324 santur.
370 1284 579 1324 Videamus
600 1285 694 1323 alios
718 1287 864 1334 poetas,
892 1288 936 1323 ut
961 1286 1121 1334 quisque
1147 1285 1307 1324 maxime
1329 1287 1397 1323 aut
1418 1287 1589 1334 tempore

198 1352 264 1392 aut
283 1353 436 1402 ingenio
458 1356 497 1392 et
522 1356 604 1391 arte
634 1365 678 1392 ac
710 1364 852 1402 genere
884 1353 1093 1391 carminum
1122 1353 1230 1391 illum
1262 1352 1434 1401 attingit!
1462 1353 1592 1402 thue

198 1422 391 1461 ordiamur
410 1422 458 1460 ab
482 1433 541 1467 eo,
559 1422 622 1470 qui
643 1425 827 1470 quantum
853 1425 1007 1471 poterat
1027 1421 1140 1460 homo
1170 1421 1312 1461 diversi
1342 1421 1485 1470 ingenii
1504 1423 1590 1472 plu-

198 1491 337 1529 rimum
357 1490 463 1529 illum
487 1493 638 1529 secutus
660 1494 732 1540 est,
760 1489 918 1529 Ovidius
944 1490 1074 1529 Amor.
1095 1490 1127 1539 I,
1154 1493 1190 1529 1.
1213 1502 1236 1529 a
1264 1490 1375 1529 bellis
1396 1490 1592 1530 celebran-

199 1559 257 1597 dis
297 1571 337 1597 se
387 1559 508 1597 tradit
547 1559 595 1596 ad
635 1559 840 1597 amatorias
881 1559 1021 1607 elegias
1061 1571 1084 1596 a
1124 1558 1311 1607 Cupidine
1355 1563 1592 1607 revocatum3

201 1627 327 1665 Amor.
351 1626 403 1674 II,
431 1629 465 1665 1.
487 1627 588 1665 hunc
611 1613 770 1675 quoquev
786 1626 926 1664 librum
947 1626 1053 1664 iussu
1080 1627 1233 1665 Amoris
1259 1627 1476 1666 amantibus
1502 1628 1593 1666 scri-

199 1695 307 1744 bere,
350 1694 679 1745 Gigantomachia,
719 1698 764 1733 ut
803 1696 923 1744 magis
965 1695 1097 1743 elegiis
1138 1695 1282 1734 amicae
1323 1695 1397 1734 sibi
1432 1697 1593 1745 gratiam

200 1766 463 1814 compararet,
496 1764 649 1812 relicta3
681 1764 757 1813 ΙΙΙ,
795 1766 830 1802 1.
858 1774 943 1823 cum
974 1764 1073 1802 inter
1103 1764 1344 1812 tragoediam
1370 1768 1410 1804 et
1435 1765 1594 1815 elegiam

200 1833 412 1882 paullisper
432 1844 638 1881 suspensus
660 1832 788 1882 fuerit,
811 1844 911 1871 nunc
934 1832 1082 1881 quidem
1106 1833 1248 1881 elegias
1270 1834 1442 1873 scribere
1461 1845 1594 1883 perse-

200 1911 348 1950 verare,
370 1912 459 1939 mox
478 1902 607 1939 tamen
627 1900 673 1939 ad
695 1900 929 1950 tragoediam
949 1900 1213 1940 transiturum.
1234 1901 1341 1940 Idem
1362 1902 1476 1941 Trist.
1501 1903 1532 1952 I,
1559 1905 1594 1942 1.

201 1970 257 2008 illi
276 1969 376 2008 libro
403 1969 602 2019 praecipit,
630 1973 674 2008 ut
700 1973 857 2008 externa
883 1970 1010 2020 specie
1037 1970 1191 2009 sordida
1215 1971 1450 2011 carminibus
1474 1972 1597 2010 tristis

203 2038 412 2087 argumenti
433 2038 601 2086 artisque
621 2049 760 2088 parvae
786 2038 868 2077 sine
892 2038 1036 2087 gloriae
1062 2039 1187 2078 studio
1212 2038 1372 2078 Romam
1394 2040 1533 2090 veniat,
1554 2044 1597 2079 ut

201 2106 367 2156 a·plebe‚
400 2105 479 2154 sed,
511 2106 543 2144 si
575 2106 770 2145 commode
801 2106 923 2155 possit
952 2106 1050 2156 fieri,
1082 2108 1193 2146 etiam
1216 2107 1262 2146 ab
1291 2108 1466 2157 Augusto
1491 2108 1595 2158 lega-

202 2177 284 2222 tur;
307 2175 376 2223 III,
399 2177 434 2213 1.
452 2175 695 2223 insequentes
717 2175 856 2224 elegias
875 2176 1086 2216 tristissimi
1106 2177 1320 2226 argumenti
1341 2189 1463 2228 neque
1485 2177 1596 2217 ullius

204 2243 354 2282 externi
375 2242 590 2291 splendoris
611 2254 683 2283 non
702 2243 865 2293 publicis
886 2243 1126 2284 bibliothecis
1146 2245 1326 2284 Romanis
1352 2246 1421 2286 sed
1441 2245 1597 2295 privatis

204 2310 412 2351 lectoribus
435 2311 618 2360 destinat;
646 2312 716 2363 IV,
743 2315 779 2351 1.
801 2312 894 2351 vitia
915 2313 998 2363 ejus
1023 2313 1113 2353 libri
1139 2314 1286 2353 miseris
1314 2314 1394 2354 suis
1413 2314 1596 2363 tempori-

204 2380 291 2430 bus,
318 2379 456 2429 quibus
482 2380 530 2418 ad
555 2380 824 2420 consolandum
851 2392 891 2420 se
916 2382 1133 2432 scripserit,
1159 2387 1331 2432 excusat3
1363 2382 1412 2432 V,
1443 2385 1477 2421 1.
1500 2382 1596 2422 haec

205 2450 370 2489 carmina
395 2452 558 2499 propter
584 2449 774 2490 fortunam
805 2461 910 2490 suam
937 2451 1088 2492 tristem
1113 2452 1196 2502 ipsa
1221 2452 1337 2492 etiam
1363 2452 1489 2492 tristia
1514 2463 1598 2492 esse
