1862 2676
750 44 1015 100 *—29‘—

208 188 325 227 parva
340 177 485 217 eminus
500 177 593 215 urbe
610 176 789 216 Bovillae.
810 176 976 215 Bovillas
996 187 1096 214 nunc
1114 175 1367 222 suburbanas,
1383 177 1466 212 tum
1483 185 1602 221 parva

206 245 302 288 urbe
322 237 468 285 eminus
487 243 607 284 fuisse
626 244 781 286 indicat.
811 242 887 284 Sed
906 246 950 287 ut
969 244 1095 294 prima
1115 242 1242 293 specie
1261 241 1434 292 proclive
1455 240 1508 280 sit
1526 240 1600 279 mi-

206 309 286 353 nus
307 325 393 353 cum
413 323 532 362 parva
551 312 795 362 coniungere,
827 311 929 361 quod
960 311 1032 350 etsi
1058 311 1247 349 sententia
1265 311 1389 348 minus
1409 319 1602 348 commen-

206 381 319 421 datur
346 384 474 420 tamen
502 391 549 418 ne
578 379 701 429 ipsum
726 378 879 429 quidem
898 378 1106 425 absurdum
1128 377 1355 417 dixerimus:
1376 376 1603 416 >necessaria

208 453 311 489 certe
332 448 427 487 haec
446 448 644 486 verborum
665 447 878 487 coniunctio
898 456 1135 494 nequaquam
1159 449 1230 484 est.
1273 443 1374 492 Quid
1394 446 1494 484 enim
1515 448 1600 484 tan-

206 517 291 557 dem
311 516 462 555 videtur
482 514 729 554 insolentius?
750 514 897 562 Nempe
916 513 1018 552 inter
1037 524 1173 552 nomen
1194 513 1352 561 eiusque
1371 513 1601 552 attributum

206 584 371 635 positum
391 583 612 623 vocabulum
632 594 705 622 non
726 582 774 621 ad
793 582 888 621 haec
908 582 992 631 ipsa
1017 581 1133 620 verba
1159 581 1227 621 sed
1248 580 1322 619 alio
1343 578 1599 621 referendum.

206 653 258 693 At
277 653 349 692 hoc
368 653 490 702 ipsum
511 652 693 691 habemus
714 650 785 700 III,
813 652 878 701 13,
903 652 969 699 55,
992 662 1022 689 s.

321 759 373 798 Te
395 759 520 798 scelus
541 762 698 807 accepto
719 758 878 797 Thracis
899 757 1175 806 Polymestoris
1196 767 1289 795 auro

379 826 510 866 Nutrit
530 827 568 866 iu
589 826 754 875 hospitio
775 836 850 864 non
870 823 1061 874 Polydore
1081 824 1144 873 pio
1158 846 1236 873 ——,

205 932 271 971 ubi
291 932 481 982 genitivus
502 930 550 969 ad
570 929 721 969 scelus
743 941 820 968 non
841 929 888 969 ad
909 940 1016 969 auro
1037 928 1221 977 refertur;
1244 929 1335 968 item
1355 928 1386 978 I,
1412 930 1448 978 3,
1474 930 1540 967 42.

320 1036 418 1074 Nam
438 1035 551 1075 modo
572 1046 764 1084 purpureo
784 1034 962 1074 fallebam
982 1036 1143 1074 stamine
1164 1046 1349 1085 somnum,

380 1104 528 1144 Rursus
550 1106 589 1142 et
610 1103 787 1153 Orpheae
809 1103 974 1142 carmine
994 1102 1096 1142 fessa
1115 1103 1291 1152 lyrae—

206 1209 270 1248 ubi
292 1207 393 1247 fessa
413 1219 498 1247 cum
518 1206 746 1256 fallebam,
768 1219 845 1247 non
866 1219 951 1246 cum
971 1207 1138 1247 ablativo
1156 1207 1352 1247 carmine
1369 1207 1599 1256 coniungen-

207 1276 295 1314 dum
316 1280 392 1325 est;
415 1277 507 1314 item
527 1275 596 1323 IV,
622 1277 659 1324 3,
685 1277 736 1314 53
760 1287 790 1314 s.

379 1402 434 1408 ——
456 1380 558 1419 raris
578 1383 734 1419 assueta
755 1379 932 1419 Calendis

321 1448 397 1486 Vix
417 1448 540 1497 aperit
564 1448 713 1487 clausos
733 1460 807 1487 una
827 1449 952 1497 puella
972 1448 1091 1487 Lares
1103 1470 1181 1497 —‚

206 1553 272 1592 ubi
296 1554 358 1592 vix
384 1554 560 1603 cuiquam
592 1554 632 1592 in
661 1556 824 1593 mentem
856 1553 982 1593 veniat
1012 1553 1174 1603 puellam
1207 1552 1382 1592 Calendis
1412 1558 1598 1593 assuetam

208 1622 443 1669 existimare3
474 1623 564 1660 item
596 1622 682 1660 aliis
712 1622 825 1671 locis,
859 1633 954 1671 quos
980 1622 1118 1660 multos
1139 1622 1291 1670 collegit
1312 1622 1600 1672 Hertzbergffis,

208 1688 361 1737 Quaest.
383 1689 559 1739 Propert.
583 1692 669 1739 pag.
697 1692 790 1729 122.
814 1688 956 1738 Quodsi
976 1690 1039 1729 hic
1061 1689 1153 1729 ordo
1175 1689 1379 1729 verborum
1399 1690 1602 1740 reprehen-

208 1757 312 1795 sione
333 1760 453 1806 caret,
475 1757 594 1796 multo
615 1757 730 1796 etiam
752 1758 885 1806 magis,
919 1761 963 1796 ut
983 1757 1058 1795 iam
1079 1758 1128 1796 ad
1148 1757 1474 1808 Eschenburgium
1495 1760 1600 1798 veni-

208 1835 330 1874 amus,
355 1825 510 1864 verbum
531 1836 606 1864 non
628 1826 810 1865 omissum
831 1825 871 1864 id
892 1825 1042 1883 quidem
1064 1826 1131 1864 sed
1151 1826 1189 1864 in
1210 1826 1329 1865 altero
1351 1826 1513 1866 disticho
1532 1839 1600 1877 po-

209 1892 338 1941 situm,
361 1893 433 1931 etsi
456 1893 511 1931 vis
532 1893 615 1932 eius
636 1897 784 1942 spectat
803 1894 852 1932 ad
872 1897 1088 1942 utrumque.
1113 1893 1299 1932 Similiter
1319 1895 1418 1932 enim
1439 1895 1601 1934 verbum

209 1965 248 2000 et
268 1960 461 1999 inducitur
480 1960 699 2010 copulativa
718 1961 908 2011 particula
927 1961 967 1999 in
987 1959 1170 2000 inferiore
1193 1961 1363 2000 subiecto
1385 1965 1423 2001 et
1442 1974 1598 2002 revoca-

207 2033 272 2068 tur
298 2029 387 2068 inde
417 2029 465 2068 ad
496 2028 669 2078 superius
690 2029 902 2068 subiectum
922 2040 996 2068 non
1017 2028 1138 2068 solum
1169 2041 1191 2068 a
1220 2029 1341 2079 poetis
1361 2033 1405 2069 ut
1425 2041 1449 2069 a
1468 2030 1599 2070 Tibul-

207 2096 244 2135 lo
265 2096 295 2146 Ι,
323 2097 359 2146 1,
386 2098 450 2136 17.

325 2203 514 2252 Quantum
535 2207 594 2243 est
614 2204 698 2243 auri
719 2204 845 2252 potius
866 2207 1073 2252 pereatque
1094 2204 1283 2253 smaragdi
1297 2225 1348 2233 —

208 2310 254 2350 ab
277 2310 439 2349 Horatio
462 2309 505 2350 G.
529 2311 560 2360 I,
587 2312 653 2360 30,
677 2312 714 2349 6.
738 2310 872 2350 solutis

324 2417 480 2458 Gratiae
501 2417 604 2457 zonis
625 2421 905 2468 properentque
927 2417 1122 2468 Nymphae
1135 2429 1213 2467 -;
