1862 2676
849 61 1080 99 ..98-

459 176 549 215 Tela
570 187 704 225 precor
725 177 835 225 pueri
857 177 994 215 sumite
1015 178 1128 215 acuta
1148 178 1280 230 magis.

400 245 525 293 Figite
547 247 738 283 certantes
760 248 875 294 atque
896 245 992 283 hanc
1013 244 1107 283 mihi
1132 246 1268 285 solvite
1289 246 1434 285 vitam:-

460 313 620 361 Sanguis
642 313 718 352 erit
738 314 845 352 vobis
865 315 1028 351 maxima
1048 314 1173 361 palma
1194 327 1312 354 meus.
1337 337 1389 342 —

264 409 562 458 et11‚17,15‚s.
582 410 692 449 Nunc.
713 411 841 449 iacere
863 422 883 449 e
905 411 1000 449 duro
1022 421 1159 459 corpus
1180 411 1284 455 licet,
1307 411 1435 459 impia,
1459 422 1562 458 saxo,

459 478 616 516 Sumere
639 482 678 516 et
698 479 735 516 in
758 482 909 517 nostras
930 479 1022 516 trita
1042 489 1184 516 venena
1205 490 1348 518 manus.
1370 501 1428 508 —

262 583 398 622 Restat
417 584 514 623 illud
534 597 630 623 nam
656 586 755 634 quod
781 591 841 624 est
866 586 905 623 in
930 597 1044 623 versu
1069 587 1133 624 55.
1168 584 1277 633 Quod
1304 587 1366 635 qui
1393 586 1656 635 accipiendum

261 653 313 691 sit
333 653 475 692 invitus
496 658 683 693 monstrat
703 655 784 703 ipse
800 654 1111 703 Luettiohannes,
1131 666 1216 693 cum
1231 654 1372 704 iocans,
1399 655 1460 693 An
1477 654 1653 704 Cynthia,

259 722 395 770 inquit,
418 723 574 770 exponit
595 734 662 760 cur
681 723 937 771 tergeminum
959 734 1088 761 canem
1111 734 1165 761 vs.
1188 725 1252 761 52.
1283 723 1656 761 commemoraverit?

263 812 314 819 —-
328 790 415 829 Non
437 802 510 839 quo
531 790 578 830 ad
600 803 731 830 canem
752 792 990 840 potissimum
1007 792 1080 830 vim
1100 792 1180 830 eius
1196 792 1408 841 particulae
1430 791 1654 840 referamus3

259 859 327 896 sed
347 862 474 897 tamen
495 860 590 897 illud
611 863 717 898 recte
738 861 982 898 admonemur
1003 860 1190 898 rationem
1212 860 1323 898 reddi
1344 872 1413 898 cur
1434 860 1536 898 iuret
1554 859 1655 909 Cyn-

258 926 353 965 thia.
385 927 507 976 Iurat,
533 928 604 966 etsi
631 932 691 966 est
711 932 875 976 mortua,
905 932 942 966 et
969 929 1002 966 si
1027 927 1132 966 fallat
1159 928 1345 967 tumulum
1370 940 1478 966 suum
1505 931 1543 966 et
1569 940 1656 967 ossa

257 994 432 1044 devovet,
445 998 488 1033 ut
504 995 569 1042 qui
584 995 716 1033 vivunt
733 999 847 1043 caput
862 1007 972 1033 suum
990 996 1176 1034 devovere
1194 996 1327 1044 solent,
1346 996 1445 1045 quod
1462 1000 1501 1035 et
1518 997 1657 1045 duplex

259 1063 368 1101 sedes
391 1067 428 1101 et
450 1075 534 1102 sors
556 1066 614 1102 est
634 1067 871 1102 mortuorum
893 1067 933 1102 et
952 1064 1037 1112 ipsa
1052 1065 1091 1102 in
1110 1065 1294 1103 bonarum
1310 1064 1547 1114 fidarumque
1565 1065 1655 1104 sede

257 1131 459 1169 mulierum
481 1135 680 1179 versatum
704 1142 865 1179 quorum
888 1143 1002 1169 unum
1025 1135 1158 1179 aperte
1185 1132 1366 1180 declarat,
1389 1132 1552 1170 alterum
1574 1136 1655 1170 tec-

258 1199 336 1237 tius
358 1198 545 1248 significat
566 1210 639 1237 vss.
666 1201 731 1238 69.
757 1210 786 1236 s.

395 1305 458 1344 Sic
479 1306 612 1344 mortis
633 1306 799 1344 lacrimis
821 1305 921 1344 vitae
943 1316 1121 1344 sanamus
1142 1317 1309 1344 amores:

453 1373 542 1412 Celo
564 1385 634 1422 ego
655 1374 838 1422 perfidiae
859 1374 1017 1412 crimina
1037 1374 1156 1412 multa
1177 1378 1265 1412 tuae
1280 1396 1329 1402 —-

257 1480 396 1530 quibus
419 1480 546 1519 verbis
575 1491 614 1518 se
643 1492 792 1529 quoque
818 1480 996 1518 maritis
1019 1480 1112 1518 sine
1138 1479 1295 1518 fraude
1323 1484 1364 1517 ut
1390 1479 1443 1517 ait
1468 1491 1649 1518 annume-

255 1552 329 1587 rat.
353 1549 486 1597 Neque
508 1549 607 1586 enim
629 1549 660 1586 si
682 1552 919 1586 mortuorum
941 1549 1072 1585 eadem
1099 1548 1262 1585 omnium
1290 1559 1370 1585 sors
1397 1551 1499 1585 esset
1526 1559 1594 1585 nec
1620 1548 1652 1585 si

255 1617 341 1665 ipsa
362 1617 560 1655 esset·iam
588 1616 740 1664 misera,
770 1628 837 1665 per
864 1628 970 1654 suam
998 1616 1157 1654 salutem
1182 1619 1314 1664 posset
1340 1616 1481 1654 iurare.
1525 1615 1652 1655 Facile

256 1688 382 1724 autem
403 1685 629 1733 intelligitur
650 1686 794 1723 ossium
814 1697 859 1723 ac
880 1685 1053 1723 Manium
1075 1687 1113 1722 et
1133 1684 1298 1732 quietem
1320 1684 1475 1722 eandem
1497 1687 1536 1722 et
1562 1695 1651 1733 sup-

255 1753 369 1802 plicia
400 1753 624 1792 existimari.
668 1752 854 1791 Similiter
885 1752 1032 1801 Iupiter
1065 1752 1219 1790 Thetidi
1244 1752 1345 1801 apud
1372 1752 1578 1792 Homerum
1604 1753 1666 1800 Il.⁴

255 1822 286 1871 Ι,
311 1824 406 1860 524.
430 1834 479 1860 ss.
502 1823 627 1870 aperit
652 1833 721 1859 cur
742 1822 796 1859 ita
817 1820 982 1859 affirmet
1004 1824 1046 1858 ut
1068 1819 1247 1859 affirmat:

391 1926 423 1964 εἰ
444 1922 487 1976 δ’,
510 1923 580 1977 ἄγε
600 1940 655 1965 τοι
676 1924 825 1978 κεφαλῇ
847 1923 1140 1976 κατανεύσομαι,
1163 1923 1260 1977 ὄφρα
1281 1925 1478 1977 πεποίὲῃς·

388 1997 495 2034 τοῦτο
516 1991 588 2046 γὰρ
611 1994 650 2041 ἐξ
671 1995 801 2046 ἐμέὲεν
822 2008 866 2045 γε
889 1993 964 2044 μετ’
990 1989 1210 2032 ἀὲανάτοισι
1232 1995 1402 2045 μέγιστον

389 2065 545 2115 τέκμωρ·
569 2060 609 2102 οὐ
630 2062 703 2115 γάρ
724 2063 805 2114 ἐμοὶ
825 2056 1103 2114 παλινάγρετον,
1129 2054 1200 2101 οὐδ’
1224 2058 1431 2112 ἀπατηλόν,

390 2128 461 2170 οὐδ’
484 2127 741 2182 ἀτελεύτητον,
765 2128 795 2179 ὅ,
818 2144 854 2169 τι
874 2144 937 2169 κεν
957 2129 1105 2182 κεφαλῇ
1127 2126 1361 2170 κατανεύσω.

255 2239 298 2278 In
320 2239 441 2288 elegia
461 2243 618 2279 octava
638 2239 939 2277 Luettiohannes
961 2250 1034 2277 vss.
1063 2240 1126 2277 19.
1152 2250 1181 2276 s.

388 2346 530 2395 Turpis
550 2348 589 2385 in
610 2358 749 2386 arcana
769 2346 898 2384 sonuit
918 2357 1014 2385 cum
1036 2347 1118 2384 rixa
1138 2346 1298 2384 taberna

447 2414 486 2453 Si
507 2414 586 2453 sine
607 2426 680 2463 me,
701 2413 822 2452 famae
843 2425 916 2452 non
938 2414 1018 2452 sine
1039 2414 1125 2452 labe
1145 2425 1251 2452 meae
1273 2435 1329 2441 —
