1862 2676
786 81 1044 131 -14—

214 210 255 246 et
273 197 325 247 ad
342 216 383 246 se
403 205 672 247 consolandum
697 195 843 257 scripta
868 206 1051 247 declarat.
1078 205 1173 247 Nec
1181 203 1397 247 dissimilis
1410 204 1482 246 est
1489 201 1615 266 'prima

214 275 388 326 Epistola
412 287 461 315 ex
484 274 625 327 Ponto,
653 286 724 327 qua
752 275 801 315 ad
827 275 1001 315 Brutum
1020 264 1165 326 scripta
1194 279 1323 326 negat
1333 275 1406 315 has
1431 263 1614 334 epistolas

204 351 285 401 ,nec
305 344 470 395 publicis
489 344 747 385 bibliothecis
754 345 982 400 constitutas
1004 357 1074 385 nec
1095 345 1311 385 nominibus
1326 334 1468 385 additis
1484 340 1614 384 eorum

215 414 265 453 ad
291 425 386 463 quos
412 414 578 463 scriptae
608 414 687 453 sint
722 414 841 453 ullum
872 414 1085 463 periculum
1110 413 1262 465 afferre,
1294 411 1384 464 quia
1397 417 1453 453 et
1466 412 1615 452 laudes

215 482 383 531 Augusti
413 486 452 521 et
481 493 573 521 suae
603 483 736 532 culpae
768 481 1026 522 confessiones
1057 484 1290 522 contineant.
1336 483 1434 522 Nam
1463 481 1535 542 Ep.
1570 493 1616 520 ex

216 550 262 589 P.
280 550 332 598 ΙΙ,
354 552 405 599 1.,
428 562 503 600 qua
519 545 748 590 Germanico
771 552 937 600 Augusti
958 552 1194 601 triumphum
1217 539 1507 627 cgggratulatur
1526 562 1613 601 pro-

216 619 418 669 priumque
444 619 676 669 triumphum
708 620 920 670 praedicit3
957 620 1033 668 ΙΙΙ,
1064 623 1099 659 1.
1129 631 1222 670 qua·
1232 613 1366 660 affori
1373 625 1416 658 et
1440 617 1617 658 miserias

218 699 305 727 suas
326 688 509 727 describit
529 692 568 727 et
588 691 632 727 ut
651 689 700 727 ab
712 689 887 738 Augusto
907 700 977 738 per
998 700 1157 727 uxorem
1179 689 1260 728 eius
1282 689 1430 727 veniam
1451 688 1524 727 sibi
1545 688 1615 725 im-

218 760 345 806 petret
380 757 602 805 committit;
634 757 702 806 IV,
745 760 779 796 1.
818 769 894 807 qua
924 756 963 796 S.
996 757 1180 807 Pompeio
1215 769 1286 806 pro
1323 757 1479 796 summis
1511 756 1548 794 in
1576 767 1616 795 se

217 827 367 865 meritis
387 827 469 875 agit
493 826 647 875 gratias,
675 827 785 865 initia
809 827 930 876 magis
957 839 1069 875 quam
1096 827 1250 865 exordia
1276 826 1333 864 vel
1359 825 1617 875 praefationes

216 894 403 933 librorum
425 905 508 933 esse
538 897 712 944 apparet,
743 898 787 933 ut
814 895 887 933 etsi
914 895 1037 943 primo
1064 894 1216 944 quoque
1238 895 1318 933 loco
1345 898 1435 932 sunt
1455 894 1616 943 positae,

217 963 335 1001 alium
356 967 484 1002 tamen
510 964 682 1011 quemvis
707 963 832 1001 locum
857 975 931 1001 non
957 963 1083 1001 minus
1110 963 1305 1001 commode
1331 963 1504 1001 obtinere
1530 973 1616 1011 pos·

218 1031 306 1070 sint.
330 1031 459 1080 Atque
483 1031 583 1069 idem
604 1030 683 1069 fere
705 1031 752 1070 de
769 1031 919 1069 Tibullo
941 1031 1033 1070 licet
1053 1031 1181 1070 dicere
1201 1034 1358 1080 praeter
1377 1030 1450 1080 III,
1473 1034 1523 1079 1.,
1546 1041 1619 1079 qua

217 1099 284 1138 ille
310 1099 436 1147 elegia
460 1099 560 1137 hunc
586 1099 726 1137 librum
748 1099 903 1138 Martiis
925 1098 1103 1137 Calendis
1129 1097 1234 1138 lauto
1263 1103 1399 1138 ornatu
1425 1100 1470 1137 ad
1495 1098 1618 1138 Neae-

218 1179 301 1206 ram
331 1168 389 1205 ire
426 1178 612 1217 suumque
648 1179 816 1212 amorem
851 1168 986 1206 testari
1017 1168 1126 1206 iubet
1150 1190 1207 1195 —
1233 1179 1318 1205 nam
1351 1167 1491 1206 Tibulli
1519 1178 1618 1205 nunc

219 1236 421 1274 brevitatis
447 1247 563 1274 causa
588 1236 673 1274 dico
701 1247 797 1284 quae
829 1236 909 1273 eius
940 1235 1129 1284 feruntur,
1163 1235 1236 1273 etsi
1266 1246 1336 1273 nec
1367 1234 1523 1273 tertium
1550 1245 1618 1272 nec

219 1307 397 1353 quartum
419 1304 557 1342 librum
578 1303 626 1343 ab
644 1315 689 1342 eo
709 1304 874 1342 alienum
897 1315 981 1342 esse
1003 1303 1237 1352 negaverim;
1262 1325 1315 1330 —
1339 1303 1411 1341 nisi
1432 1302 1532 1341 forte
1553 1303 1620 1341 ille

220 1373 251 1421 Ι,
273 1375 323 1420 1.,
343 1372 410 1410 ubi
430 1383 471 1409 se
493 1383 568 1409 non
588 1372 742 1410 divitias
763 1372 862 1410 bello
884 1375 1031 1420 petere,
1054 1372 1120 1409 sed
1141 1371 1310 1409 rusticae
1330 1372 1433 1409 vitae
1453 1382 1618 1420 pauper-

219 1444 338 1478 tatem
359 1440 494 1478 Deliae
516 1451 643 1477 amore
665 1442 838 1478 ornatam
860 1440 999 1478 ceteris
1025 1440 1199 1478 omnibus
1220 1438 1414 1478 anteferre
1435 1439 1619 1488 declarat,

221 1520 296 1558 quo
319 1509 358 1546 in
380 1518 522 1557 genere
544 1508 672 1546 omnia
692 1508 861 1546 carmina
882 1508 960 1546 sint
979 1508 1106 1556 posita
1126 1508 1295 1546 indicare
1317 1507 1478 1546 videtur.
1511 1507 1619 1555 Quod

219 1577 320 1615 enim
340 1576 391 1624 II,
419 1579 454 1614 1.
479 1587 655 1624 agrorum
676 1576 940 1614 lustrationem
961 1576 1125 1624 peragit,
1152 1576 1192 1614 id
1212 1576 1287 1614 alio
1310 1576 1412 1613 omni
1431 1576 1516 1614 loco
1537 1575 1620 1624 pari

220 1645 303 1682 iure
325 1647 476 1693 poterat
495 1642 641 1692 facere3
665 1643 854 1683 Messalae
876 1646 1003 1683 autem
1025 1644 1196 1683 laudatio
1218 1649 1258 1682 et
1277 1643 1324 1682 ab
1345 1647 1504 1682 auctore
1520 1643 1620 1682 inse-

222 1713 418 1761 quentium
440 1713 650 1751 carminum
672 1709 796 1751 aliena
824 1712 975 1751 videtur
1000 1724 1138 1763 neque,
1166 1717 1209 1751 ut
1230 1713 1279 1751 sit
1300 1712 1469 1751 eiusdem
1491 1717 1620 1751 aucto-

221 1781 288 1831 ris,
317 1793 402 1820 cum
422 1781 470 1820 iis
491 1781 568 1820 ullo
589 1785 704 1832 pacto
725 1782 916 1820 cohaeret.
940 1781 1089 1821 Rursus
1105 1781 1277 1821 Catullus
1294 1782 1416 1831 primo
1439 1781 1621 1832 carmine,

221 1851 301 1889 sive
321 1851 361 1889 id
381 1851 502 1893 totius
523 1851 623 1896 libri,
645 1850 738 1899 sive,
765 1851 865 1898 quod
892 1851 1014 1899 magis
1035 1851 1239 1889 verisimile
1268 1853 1339 1900 est,
1362 1862 1445 1889 cum
1467 1849 1619 1888 Osanno

222 1918 285 1969 (ad
321 1918 435 1968 Apul.
469 1930 505 1968 p.
541 1919 644 1969 52),
678 1918 885 1957 Leutschio
916 1918 1117 1968 (Philolog.
1159 1918 1212 1968 X,
1251 1922 1273 1957 7
1281 1919 1382 1968 35.),
1420 1919 1621 1958 Brunnero

221 1987 260 2034 (l.
289 1987 315 2024 l.
343 1998 430 2035 pag.
461 1989 558 2025 602.
592 1987 661 2035 ss.)
691 1987 882 2025 brevioris
914 1987 1001 2025 libri
1033 1991 1168 2036 postea
1197 1987 1234 2024 in
1267 1998 1350 2025 eum
1383 1997 1494 2035 quem
1522 1997 1621 2024 nunc

222 2054 404 2094 habemus
424 2055 572 2105 recepti
595 2055 791 2094 exordium
819 2054 936 2094 fuisse
964 2056 1235 2105 existimamuS,
1258 2058 1296 2094 et
1317 2059 1512 2095 externam
1532 2055 1621 2093 libri

222 2124 386 2173 speciem
413 2124 571 2173 attingit
596 2129 636 2163 et
661 2123 840 2163 Cornelio
874 2136 942 2163 cur
974 2136 1058 2163 eum
1088 2123 1239 2162 dedicet
1269 2124 1395 2173 aperit
1426 2127 1464 2162 et
1490 2127 1533 2162 ut
1558 2119 1622 2162 diu

221 2196 374 2231 maneat
394 2195 513 2242 optat.
537 2193 721 2232 Venimus
742 2193 791 2231 ad
811 2193 1025 2231 Horatium.
1051 2192 1126 2240 Qui
1147 2190 1189 2230 C.
1211 2192 1243 2240 I,
1271 2194 1305 2229 1.
1335 2203 1421 2230 cum
1442 2192 1527 2231 aliis
1547 2192 1623 2231 alia

222 2261 469 2310 sequentibus
491 2273 532 2299 se
558 2261 668 2311 lyrici
694 2265 829 2310 poetae
855 2272 990 2299 nomen
1016 2261 1071 2298 ait
1096 2263 1292 2309 appetere,
1318 2271 1437 2308 genus
1467 2271 1620 2299 suorum

223 2329 431 2368 carminum
453 2334 584 2378 aperte
606 2330 859 2377 demonstrat3
887 2329 1027 2368 tectius
1052 2328 1151 2367 idem
1171 2328 1333 2368 fortasse
1354 2328 1405 2379 II,
1433 2332 1467 2367 1.
1491 2340 1576 2368 cum
1599 2340 1622 2367 a

222 2398 403 2438 Pollionis
431 2398 605 2437 historiis
630 2399 798 2448 ipsisque
825 2398 937 2437 bellis
964 2398 1136 2437 civilibus
1164 2399 1212 2437 ad
1233 2399 1375 2438 leviora
1396 2401 1621 2447 argumenta

224 2466 374 2506 Musam
397 2470 546 2516 avocat,
568 2470 682 2516 atque
704 2468 817 2505 etia-m
839 2467 976 2506 tectius
997 2467 1065 2516 IV,
1093 2470 1143 2517 1.,
1167 2467 1198 2506 si
1221 2467 1373 2517 quidem
1395 2470 1434 2505 et
1455 2466 1620 2506 alienum
