1862 2676
890 69 1113 105 -94-

297 182 351 231 11,
365 184 435 232 21,
450 184 489 221 4.
503 194 554 221 ss.
651 181 819 222 Uxorem
839 182 906 221 ille
925 186 1017 221 tuus
1035 182 1199 231 pulcher
1218 186 1368 223 amator
1386 182 1516 222 habet.

593 248 671 289 Tot
691 252 824 289 noctes
844 246 1016 300 periere:
1038 249 1136 290 nihil
1155 249 1302 300 pudet?
1319 249 1463 300 aspice,
1485 252 1617 290 cantat

651 317 788 357 Liber:
811 321 856 358 tu
874 319 1035 358 nimium
1056 318 1214 358 credula
1234 318 1316 358 sola
1334 319 1448 358 iaces.

590 385 643 424 Et
663 397 764 425 nunc
785 386 887 426 inter
908 397 974 425 eos
993 391 1038 425 tu
1058 397 1186 426 sermo
1207 397 1249 425 es
1270 408 1328 416 —
1349 388 1441 426 cett.
1455 407 1513 415 —

296 501 349 553 II,
376 503 442 550 16,
463 501 516 541 in.
539 501 703 540 Praetor
723 502 772 540 ab
793 502 960 551 Illyricis
981 502 1090 541 venit
1108 501 1234 551 mod0,
1259 501 1438 551 Cynthia,
1459 502 1589 550 terris,

651 568 822 608 Maxima
841 569 985 618 praeda
1004 569 1090 619 tibi,
1113 569 1279 609 maxima
1300 580 1393 609 cura
1411 569 1508 608 mihi
1522 590 1574 599 —

296 684 348 734 II,
375 686 415 735 9,
440 686 508 724 23.
596 683 671 723 Hic
693 684 810 723 etiam
831 685 991 734 petitur,
1014 684 1080 733 qui
1102 687 1140 723 te
1160 685 1269 734 prius
1289 684 1375 735 ipse
1396 683 1620 735 reliquit—

436 764 504 801 28.
591 783 648 791 —
669 762 744 801 Hic
765 762 833 801 ubi
853 765 949 812 tum,
972 762 1070 812 proh
1092 762 1144 812 di,
1166 761 1325 813 perfida,
1350 762 1484 812 quisve
1505 760 1605 801 fuit?

435 878 504 916 47.
527 888 559 916 s.
587 877 717 926 Atque
738 878 898 927 utinam,
921 879 954 916 si
973 876 1075 916 forte
1095 878 1179 926 pios
1200 877 1401 916 eduximus
1421 888 1552 926 annos,

651 945 719 984 Ille
740 945 801 984 vir
820 946 860 983 in
881 945 1009 984 medio
1030 944 1098 984 fiat
1120 956 1248 984 amore
1268 945 1383 994 lapis!
1407 947 1498 984 cett.

293 1060 325 1107 I,
350 1061 390 1109 8,
416 1062 453 1100 3.
590 1059 644 1098 Et
663 1060 735 1098 tibi
756 1060 833 1098 iam
854 1060 952 1099 tanti
975 1060 1196 1109 quicunque
1219 1063 1278 1099 est
1298 1060 1372 1099 iste
1392 1059 1560 1108 videtur,

648 1127 704 1166 Ut
723 1127 807 1166 sine
828 1138 888 1165 me
913 1130 1027 1166 vento
1050 1127 1222 1175 quolibet
1242 1128 1300 1166 ire
1321 1127 1429 1166 velis.
1444 1148 1499 1155 —

295 1240 398 1288 Quid
428 1240 573 1288 igitur?
606 1240 686 1277 sive
718 1251 801 1278 esse
834 1240 1013 1288 queritur
1043 1240 1108 1288 qui
1135 1240 1208 1278 sibi
1234 1239 1491 1289 praeferatur,
1514 1240 1594 1278 sive
1616 1251 1703 1279 eum

294 1307 526 1355 detestatur,
560 1306 641 1346 sive
673 1311 740 1346 aut
770 1307 893 1357 ipsum
925 1307 973 1346 ab
1005 1318 1136 1347 amore
1166 1307 1318 1357 puellae
1346 1311 1413 1346 aut
1433 1307 1529 1347 hanc
1551 1308 1599 1347 ab
1621 1308 1704 1347 eius

293 1386 424 1413 amore
454 1379 629 1413 revocat:
663 1374 755 1423 quid
788 1375 905 1413 faciat
931 1379 998 1413 aut
1019 1374 1158 1413 fecerit
1178 1378 1246 1413 aut
1266 1374 1440 1413 facturus
1462 1375 1512 1413 sit
1533 1376 1704 1414 aemulus

292 1442 386 1482 dicit
406 1442 620 1493 interdum,
654 1443 718 1493 qui
751 1446 791 1482 et
813 1443 936 1492 qualis
957 1443 1006 1482 sit
1025 1446 1105 1482 tam
1124 1454 1213 1482 raro
1236 1447 1277 1482 et
1297 1446 1375 1482 tam
1394 1442 1566 1484 breviter
1587 1443 1704 1484 attin-

269 1556 273 1559 ,
292 1512 363 1560 git,
386 1515 429 1550 ut
451 1511 513 1549 vix
534 1515 754 1560 praetorem
775 1512 907 1559 semel,
931 1512 1048 1550 semel
1069 1512 1250 1550 maritum
1271 1511 1447 1560 appellet.
1481 1511 1581 1560 Quid
1601 1512 1706 1560 quod

291 1579 503 1627 descriptio
525 1580 664 1617 aemuli
687 1580 747 1617 vel
768 1580 816 1617 ab
838 1591 883 1617 ea
905 1579 1029 1628 elegia
1050 1601 1106 1607 --
1128 1579 1180 1628 II,
1206 1581 1273 1617 34.
1294 1600 1345 1607 —-
1369 1579 1493 1627 abest,
1516 1590 1612 1628 quae
1633 1579 1706 1617 etsi

292 1646 340 1685 ad
361 1646 556 1695 Lynceum
589 1658 663 1685 non
690 1647 737 1686 de
765 1658 810 1685 eo
832 1647 978 1696 scripta
1000 1651 1077 1696 est,
1110 1646 1221 1695 plura
1242 1650 1371 1686 tamen
1392 1646 1455 1685 hic
1477 1657 1590 1695 quam
1611 1646 1705 1685 alibi

291 1713 342 1751 ad
373 1725 574 1761 personam
603 1714 744 1752 aemuli
772 1717 957 1762 spectant.
1001 1715 1129 1763 Atque
1150 1714 1284 1753 eadem
1305 1714 1541 1763 reliquorum
1562 1714 1704 1762 elegia-

290 1791 423 1820 corum
454 1784 655 1830 poetarum
686 1782 788 1820 ratio
814 1786 887 1821 est.
932 1781 1031 1821 Nam
1054 1784 1094 1820 et
1114 1781 1288 1821 Tibullus
1310 1781 1538 1820 brevissime
1558 1781 1703 1830 ubique

291 1849 459 1888 aemulos
480 1852 688 1888 memorat:

290 1965 321 2012 Ι,
336 1967 375 2013 2,
391 1965 458 2003 65.
474 1976 505 2002 s.
587 1964 758 2002 Ferreus
780 1963 844 2001 ille
865 1962 952 2011 fuit,
976 1963 1041 2011 qui
1062 1966 1101 2001 te
1124 1974 1210 2001 cum
1232 1966 1365 2011 posset
1385 1963 1542 2010 habere,

643 2031 829 2070 Maluerit
849 2030 1012 2079 praedas
1034 2030 1173 2070 stultus
1194 2034 1235 2069 et
1255 2041 1362 2070 arma
1382 2031 1502 2079 sequi.
1520 2052 1568 2058 —

380 2150 417 2196 5,
446 2149 511 2186 17.
579 2146 718 2186 Omnia
744 2145 928 2194 persolvi:
951 2144 1092 2184 fruitur
1112 2125 1211 2185 nunc
1233 2145 1331 2185 alter
1352 2156 1498 2194 amore,

641 2214 693 2253 Et
713 2213 896 2262 precibus
918 2212 1009 2252 felix
1031 2214 1153 2252 utitur
1173 2213 1239 2251 1116
1259 2214 1368 2252 meis.
1383 2235 1438 2241 —

438 2330 506 2368 69.
574 2329 627 2367 At
647 2332 691 2368 tu
713 2328 779 2377 qui
801 2328 928 2377 potior
949 2340 1048 2368 nunc
1070 2339 1112 2368 es
1134 2339 1218 2367 mea
1238 2326 1318 2367 fata
1338 2328 1484 2367 timeto.
1499 2349 1555 2356 —

407 2409 445 2455 6,
467 2409 505 2446 6.
574 2428 626 2435 —
649 2407 791 2446 Nescio
814 2418 926 2456 quem
947 2407 1066 2446 tacita
1086 2406 1223 2446 callida
1240 2409 1352 2445 nocte
1374 2405 1490 2445 fovet.
