1862 2676
283 193 418 222 verum
439 182 554 221 etiam
575 193 598 221 a
619 181 806 220 Cicerone
828 193 896 231 pro
918 181 1069 222 cluent.
1094 183 1161 230 63,
1189 185 1239 222 17
1245 185 1286 222 7:
1321 193 1435 232 quum
1460 183 1534 222 iam
1555 187 1681 223 tortor

283 255 399 300 atque
421 253 550 289 essent
571 254 760 289 tormenta
780 250 864 300 ipsa
885 250 1046 290 defessa.
1090 249 1184 301 (Cfr.
1208 251 1484 306 Naegelsbach,
1515 251 1680 291 Lateini-

284 320 373 358 sche
398 319 565 357 Stilistik
594 318 656 357 fiir
686 318 892 358 Deutsche.
928 321 964 358 2.
989 319 1047 357 ed.
1076 321 1197 358 1852.
1232 319 1253 370 ξ
1278 322 1371 359 167.
1397 322 1435 358 4.
1458 330 1542 369 pag.
1567 321 1679 369 466).

283 387 344 427 Sic
364 392 492 426 autem
514 388 547 426 si
558 388 616 427 ad
636 388 900 427 hexametrum
921 387 1090 436 priorem
1113 388 1227 426 tacite
1244 389 1424 428 addemus
1439 392 1680 437 steterunt,

283 456 332 493 ad
351 460 627 503 pentametrum
661 457 790 494 stetit
819 467 939 503 eoque
972 466 1057 493 cum
1087 455 1206 493 verbo
1234 457 1378 495 minus
1401 457 1681 495 suburbana-e

283 528 322 562 et
344 524 532 562 maxima
553 524 685 562 turba
707 528 744 562 et
764 522 864 562 infra
884 527 1042 572 patens
1063 534 1133 572 pro
1154 524 1384 572 praedicatis
1401 524 1680 574 coniungemus,

284 602 353 629 nec
385 592 460 630 iam
490 592 766 641 significabitur
796 592 959 630 Bovillas
990 591 1184 640 Propertii
1209 595 1334 631 aetate
1355 604 1426 631 non
1447 592 1580 642 fuisse,
1614 604 1682 632 uec

287 658 428 698 Gabios
448 660 650 698 maximam
670 661 821 698 turbam
843 660 971 699 vocari
993 660 1213 710 mirabitur,
1248 661 1312 709 qui
1342 661 1531 700 civitatem
1563 661 1682 701 multo

285 729 406 777 magis
427 728 572 767 civibus
595 740 704 777 quam
728 729 925 766 moenibus
952 732 990 767 et
1016 729 1228 777 parietibus
1255 730 1434 768 contineri
1457 730 1681 768 meminerit.

285 796 500 845 Superlatio
522 808 613 835 vero
634 796 715 845 illa,
739 808 812 846 qua
833 797 1048 845 posteriora
1067 795 1186 835 Urbis
1209 797 1443 836 incrementa
1463 798 1682 837 indicabun-

285 868 363 912 tur,
381 865 418 902 in
440 869 576 913 poetae
599 876 772 903 sermone
796 865 860 913 qui
877 876 963 903 raro
985 865 1054 902 hac
1077 863 1201 912 figura
1222 869 1327 902 caret
1349 865 1438 902 nihil
1462 866 1597 903 merito
1618 870 1684 903 aut

287 933 592 982 reprehensionis
615 937 681 972 aut
702 933 960 972 admirationis
983 933 1148 972 habebit.
1201 932 1323 972 Venio
1349 933 1396 972 ad
1423 932 1552 982 Gabi,
1586 933 1684 983 quod

287 1002 378 1039 satis
400 1012 445 1039 eo
467 1001 550 1049 ipso
575 1002 857 1040 Crustumeri
880 1001 1112 1047 defenditur,
1137 1002 1236 1049 quod
1258 1013 1304 1039 ex
1327 1001 1493 1049 Vergilio
1514 1002 1683 1040 Eschen-

287 1069 445 1116 burgius
471 1067 599 1116 affert3
633 1069 732 1116 quod
764 1070 796 1106 si
827 1069 1073 1117 necessitate,
1105 1072 1149 1106 ut
1181 1069 1251 1117 ait,
1284 1069 1445 1107 metrica
1470 1073 1683 1118 excusatur,

285 1137 347 1175 hic
372 1141 474 1174 certe
497 1137 745 1183 commoditas
767 1137 968 1185 quaedam,
995 1142 1038 1174 ut
1058 1137 1113 1174 ita:
1133 1137 1273 1184 dicam,
1302 1137 1463 1175 metrica
1483 1149 1552 1185 pro
1574 1149 1685 1176 excu-

287 1204 431 1242 satione
453 1205 592 1252 poterit
609 1205 794 1242 adhiberi.
819 1204 893 1241 Sed
909 1204 1092 1242 accedunt
1109 1204 1250 1241 similes
1266 1204 1547 1242 contractiones
1564 1215 1686 1253 neque

288 1283 415 1309 omues
438 1283 484 1309 ex
506 1270 821 1319 inscriptionibus
844 1274 1041 1319 promptae
1063 1282 1132 1309 nec
1155 1275 1299 1319 tamen,
1333 1270 1364 1308 si
1396 1282 1442 1308 ex
1472 1271 1685 1321 inscriptio·

287 1341 395 1378 nibus
416 1343 622 1389 propterea
643 1339 881 1377 reficiendae.
935 1338 974 1377 Si
1006 1339 1104 1377 enim
1135 1339 1172 1376 in
1206 1338 1289 1377 aliis
1321 1338 1436 1377 rebus
1467 1343 1614 1378 tantum
1639 1340 1686 1378 iis

287 1409 506 1457 tribuimus,
529 1413 572 1447 ut
593 1408 641 1446 ad
663 1419 793 1446 earum
811 1408 1023 1456 exemplum
1044 1407 1287 1446 scribendum
1309 1419 1391 1446 esse
1413 1409 1684 1457 existimemus,

285 1476 379 1514 nihil
401 1487 489 1514 sane
512 1480 570 1513 est
591 1487 659 1513 cur
682 1476 752 1513 hac
774 1476 812 1512 in
834 1486 876 1513 re
898 1486 1044 1512 omnem
1067 1475 1111 1513 iis
1133 1475 1400 1513 auctoritatem
1429 1475 1684 1514 detrahamus.

286 1543 439 1582 Profert
470 1547 596 1581 autem
627 1542 848 1582 Corssenius
884 1542 1028 1591 (Ueber
1049 1542 1312 1590 Aussprache,
1347 1542 1585 1581 Vocalismus
1611 1543 1687 1581 und

289 1613 491 1661 Betonung
522 1613 590 1650 der
621 1598 869 1650 lateinischen
905 1611 1084 1659 Sprache.
1137 1610 1296 1660 Leipzig
1337 1611 1459 1649 1859.
1501 1616 1591 1649 tom.
1633 1610 1684 1659 II,

287 1693 373 1732 pag.
403 1682 511 1729 163.)
544 1680 621 1729 ali,
655 1680 802 1719 Neuius
834 1679 1121 1729 (Formenlehre
1143 1679 1213 1718 der
1233 1679 1483 1718 lateinischen
1505 1678 1684 1728 Sprache.

288 1749 479 1796 Stuttgart
513 1751 635 1787 1865.
675 1753 766 1786 tom.
800 1749 830 1786 Ι.
865 1759 950 1796 pag.
988 1748 1071 1796 98.)
1102 1746 1209 1784 flovi
1250 1747 1372 1796 (Sent.
1410 1747 1553 1785 Minue.
1592 1749 1683 1785 199.

288 1829 340 1858 vs.
376 1819 477 1866 23.);
521 1816 590 1855 fili
633 1816 683 1866 (J.
717 1817 761 1855 R.
794 1816 913 1864 Neap.
952 1817 1074 1854 1342.
1108 1816 1230 1855 1520.
1259 1817 1382 1854 1634.
1411 1817 1534 1855 1695.
1560 1817 1684 1855 2727.

291 1888 414 1925 2824.
446 1888 571 1924 5296.
603 1887 729 1923 5450.
755 1886 915 1932 6071.);
959 1884 1153 1932 Aegypti
1196 1883 1306 1932 (Stat.
1342 1884 1460 1922 Theb.
1497 1886 1534 1932 9,
1559 1884 1684 1933 847),

289 1954 389 2003 quod
411 1954 483 1992 etsi
505 1953 668 1992 fortasse
692 1953 782 1991 dicit
802 1953 850 1991 ad
873 1952 1086 2001 exemplum
1107 1951 1371 1990 nonnullorum
1398 1952 1686 1991 Homericorum

287 2023 454 2061 locorum
492 2022 540 2060 ad
571 2022 785 2071 Aegyptii
816 2021 939 2059 media
971 2020 1116 2069 syllaba
1147 2025 1328 2069 correpta
1358 2032 1471 2071 posse
1503 2020 1687 2069 revocari,

290 2092 381 2130 haec
408 2095 535 2129 tamen
558 2091 751 2139 correptio
773 2090 886 2128 nullis
908 2088 1056 2128 Latinis
1077 2088 1263 2137 exemplis
1285 2088 1549 2136 confirmatum
1582 2089 1686 2127 deni-

290 2171 360 2209 que
384 2160 511 2208 Fabi,
547 2160 648 2209 quod
679 2159 717 2197 in
748 2159 875 2197 codice
908 2158 1077 2196 Puteano
1110 2161 1169 2195 est
1190 2157 1288 2206 apud
1310 2158 1458 2196 Livium
1480 2157 1531 2205 II,
1557 2159 1623 2206 46,
1648 2159 1685 2196 7.

291 2230 357 2275 49,
384 2229 420 2265 9.
447 2229 512 2276 50,
540 2230 576 2266 5.
611 2232 725 2277 atque
758 2228 844 2265 inde
873 2232 976 2265 certe
998 2226 1189 2275 prioribus
1210 2226 1358 2264 duobus
1380 2227 1475 2264 locis
1497 2231 1686 2275 receptum

291 2303 351 2335 est
373 2307 395 2334 a
417 2296 738 2336 Weissenbornio.
778 2297 948 2345 Itemque
970 2296 1080 2334 Deci
1111 2306 1158 2333 ex
1186 2294 1343 2333 Manilio
1370 2294 1481 2333 affert
1500 2294 1690 2333 Lucianus

288 2364 499 2403 Muellerus
520 2367 559 2403 in
581 2366 678 2405 libro
700 2366 746 2404 de
769 2377 810 2404 re
832 2365 1004 2403 metrica.
1028 2364 1166 2403 Restat
1187 2364 1284 2402 alter
1304 2367 1557 2413 pentameter,
1579 2367 1621 2401 ut
1642 2362 1687 2401 de

288 2433 462 2473 omnibus
484 2432 765 2483 Eschenburgii
787 2433 1025 2483 argumentis
1048 2432 1191 2471 dictum
1214 2431 1274 2471 sit.
1314 2431 1388 2472 Ubi
1410 2432 1510 2482 quod
1533 2430 1688 2470 offendit
