1862 2676
837 56 1065 93 -110—

254 173 306 211 sit
331 184 463 211 rursus
490 172 657 211 ostendit
685 172 842 210 Tacitus
869 171 998 220 Agric.
1033 174 1130 209 extr.
1168 171 1222 210 Ut
1252 171 1350 210 enim
1381 171 1415 209 is
1445 173 1645 220 postquam

253 245 414 279 mortem
441 240 563 278 soceri
589 240 649 278 sui
671 240 852 288 laudavit,
880 245 1059 288 tanquam
1086 243 1129 277 ut
1154 239 1319 278 cumulet
1350 251 1414 278 eas
1444 239 1577 289 laudes
1608 243 1647 279 et

254 309 541 348 diuturnitatem
560 308 609 347 iis
630 308 788 357 tribuat,
810 308 859 348 ad
878 307 1103 347 imitandum
1124 318 1210 346 eum
1233 319 1323 347 suos
1344 307 1571 347 adhortatur
1589 329 1645 336 —

251 389 350 425 nam,
382 377 644 416 Admiratione
676 381 713 415 te
740 377 884 425 potius,
918 377 1059 425 inquit,
1091 379 1130 414 et
1159 376 1438 415 immortalibus
1468 375 1646 415 laudibus

252 449 291 484 et
316 445 349 485 si
377 449 514 483 natura
541 445 756 493 suppeditet
785 444 999 483 imitando
1030 444 1198 483 colamus
1221 444 1336 482 -id
1366 444 1467 483 filiae
1497 454 1646 493 quoque

250 514 438 561 uxorique
469 514 729 561 praeceperim
754 525 826 550 —2
861 513 916 551 ita
954 512 1130 550 Cornelia
1165 524 1212 550 ne
1250 513 1340 561 quid
1376 513 1415 550 in
1450 517 1645 562 posterum

252 581 349 619 desit
370 592 460 619 suae
481 581 617 619 mortis
638 579 813 619 felicitati
839 580 954 618 filiam
980 580 1142 628 impellit
1168 584 1212 618 ut
1235 580 1308 618 fide
1335 585 1375 618 et
1400 581 1532 619 liberis
1556 592 1645 629 pro-

252 649 426 688 creandis
457 661 566 687 suum
592 649 806 696 exemplum
833 652 1026 696 sequatur.
1064 647 1148 686 Hoc
1175 648 1271 686 enim
1298 649 1330 686 si
1356 649 1541 697 evenerit,
1573 659 1645 687 non

251 717 374 757 solum
394 717 592 755 morientis
620 716 789 755 condicio
815 715 907 754 felix
934 719 973 753 et
998 715 1197 755 laudabilis
1222 715 1353 764 fuerit,
1382 717 1448 755 sed
1473 719 1645 755 mortuae

251 787 366 825 etiam
397 786 576 824 manebit.
600 808 655 813 —
677 785 757 823 Nec
783 785 937 834 gravius
964 790 1021 823 est
1047 785 1147 834 quod
1173 788 1307 824 contra
1331 784 1425 823 illud
1452 785 1509 824 Et
1535 785 1645 825 bene

250 854 387 892 habet
423 853 616 900 adfertur,
655 864 729 900 quo
767 856 941 900 apertum
977 856 1035 890 est
1071 854 1117 890 ab
1153 856 1283 900 optato
1320 854 1368 891 ad
1399 866 1484 891 eum
1521 855 1645 892 locum

250 922 429 970 transiri,
465 932 538 970 quo
569 924 715 969 partem
748 923 852 958 certe
883 920 965 958 eius
992 921 1113 968 optati
1140 921 1215 958 iam
1248 921 1434 970 expletam
1465 932 1548 960 esse
1580 921 1645 960 de-

250 990 427 1027 claratur.
466 988 576 1036 Quod
602 989 701 1025 enim
732 998 852 1035 usque
882 987 931 1024 ad
962 987 1056 1025 illud
1087 991 1236 1036 tempus
1266 1000 1396 1027 omnes
1425 989 1539 1027 liberi
1564 1001 1645 1028 ser-

249 1058 329 1096 vati
355 1061 460 1106 sunt,
490 1068 534 1095 eo
561 1068 607 1094 ex
632 1059 742 1104 parte
769 1059 873 1094 certe
899 1055 994 1094 illud
1021 1056 1147 1095 evenit
1175 1056 1274 1105 quod
1302 1060 1427 1107 optat,
1454 1060 1497 1096 ut
1521 1057 1560 1095 in
1587 1069 1666 1096 se-·

249 1129 441 1164 nectutem
463 1124 587 1163 Paulli
607 1127 820 1162 serventur.
854 1124 906 1161 At
932 1124 1044 1172 plane
1071 1125 1245 1163 similiter
1272 1125 1416 1163 Statius
1437 1126 1553 1164 Theb.
1576 1126 1643 1164 XI.

248 1193 485 1243 Polynicem‚
509 1192 573 1231 ubi
595 1193 667 1230 iam
692 1192 830 1230 victum
850 1192 1045 1230 Eteoclem
1066 1195 1265 1242 totumque
1289 1193 1430 1232 bellum
1450 1205 1537 1233 mox
1561 1193 1644 1232 feli-

249 1264 346 1300 citer
369 1262 578 1300 confectum
601 1261 648 1298 iri
670 1264 794 1308 putat,
817 1261 911 1298 haec
932 1260 1024 1299 facit
1045 1261 1236 1300 dicentem
1258 1274 1312 1300 vs.
1339 1264 1433 1300 557.
1459 1274 1488 1301 s.

426 1420 479 1425 —
514 1421 569 1426 —
601 1420 656 1425 -—
689 1398 784 1435 bene
805 1398 938 1444 habet;
966 1410 1039 1436 non
1058 1398 1171 1436 irrita
1190 1399 1287 1446 vovi,

424 1465 549 1504 Cerno
570 1476 707 1514 graves
729 1465 858 1503 oculos
880 1471 992 1512 atque
1018 1476 1085 1503 ora
1106 1466 1277 1503 natantia
1296 1466 1372 1504 leto
1394 1479 1467 1512 ——;

249 1601 427 1640 similiter
459 1600 557 1649 apud
588 1600 672 1638 Liv.
698 1599 809 1647 VIII,
835 1601 871 1637 6.
905 1599 1136 1648 Torquatus,
1168 1600 1233 1637 ubi
1264 1600 1379 1638 Annii
1410 1602 1644 1649 repentinam

248 1673 413 1708 mortem
448 1680 517 1718 pro
553 1667 677 1708 fausto
714 1668 805 1706 belli
841 1668 965 1705 omine
998 1673 1037 1705 et
1068 1668 1175 1716 quasi
1207 1668 1314 1706 initio
1349 1669 1503 1718 accipit,
1541 1669 1644 1708 Bene

248 1739 377 1786 habet,
400 1739 534 1787 inquit,
558 1760 610 1766 —-
636 1739 689 1776 sic
710 1741 852 1776 stratas
874 1738 1042 1784 legiones
1068 1737 1294 1776 Latinorum
1320 1738 1433 1786 dabo,
1461 1739 1643 1787 quemad-

247 1807 400 1845 modum
421 1808 588 1855 legatum
609 1808 795 1844 iacentem
817 1805 955 1844 videtis
976 1818 1049 1852 —3
1073 1806 1246 1844 similiter
1267 1806 1408 1845 ibidem
1430 1818 1463 1845 c.
1488 1809 1525 1845 9.
1564 1808 1644 1845 De—

250 1875 348 1924 cius,
381 1887 467 1914 cum
498 1876 690 1924 haruspex
721 1874 907 1913 sacrificio
938 1873 1038 1912 facto
1069 1874 1174 1912 iecur
1204 1875 1239 1913 ei
1271 1886 1293 1913 a
1326 1874 1503 1914 familiari
1532 1879 1643 1925 parte

249 1954 402 1981 caesum
429 1943 612 1991 ostendit,
645 1943 829 1981 Manlium
857 1943 1012 1990 egregie
1042 1943 1172 1981 litasse
1199 1944 1370 1992 nunciat,
1405 1945 1521 1992 Atqui
1546 1945 1642 1983 bene

248 2010 375 2058 habet,
407 2011 543 2059 inquit,
577 2011 609 2049 si
635 2022 657 2048 a
683 2011 824 2059 collega
853 2010 1005 2048 litatum
1031 2014 1088 2048 est
1108 2032 1177 2059 —,
1211 2011 1357 2049 scilicet
1387 2015 1429 2048 ut
1461 2022 1503 2049 se
1528 2023 1572 2050 ex
1599 2024 1642 2051 eo

248 2078 349 2126 quod
370 2082 431 2116 est
451 2078 498 2116 de
520 2090 566 2116 eo
589 2079 689 2127 quod
710 2078 879 2117 futurum
904 2079 955 2116 sit
974 2078 1071 2116 bene
1094 2090 1248 2126 sperare
1269 2080 1430 2128 aperiat.
1453 2101 1509 2107 —

336 2197 593 2246 Exposuimus
623 2210 692 2236 cur
722 2209 818 2247 quae
849 2197 910 2236 his
937 2196 1044 2235 annis
1070 2201 1137 2236 aut
1161 2197 1460 2237 Luettiohannes
1485 2202 1553 2238 aut
1578 2199 1643 2238 alii

248 2276 344 2315 quos
383 2267 591 2304 memoravi
631 2266 668 2303 in
704 2269 838 2314 quarto
872 2265 1066 2313 Propertii
1105 2265 1202 2304 libro
1236 2270 1315 2304 tum
1353 2266 1522 2304 delendis
1560 2269 1641 2304 tum

247 2333 540 2383 transponendis
570 2338 651 2373 tum
682 2333 941 2383 disiungendis
967 2333 1138 2373 versibus
1163 2334 1413 2373 immutarunt
1436 2334 1543 2374 nobis
1567 2345 1641 2373 non

247 2403 521 2451 probarentur3
550 2403 762 2441 studuimus
789 2405 916 2441 autem
942 2405 1125 2450 quantum
1151 2403 1188 2441 id
1219 2402 1302 2441 fieri
1330 2406 1482 2451 poterat
1512 2402 1558 2440 de
1589 2403 1637 2441 iis
