1862 2676
915 54 1060 91 ——90
1091 75 1149 81 .-

326 168 463 208 haeret
492 169 541 207 ad
570 169 694 216 ipsam
725 171 853 207 tamen
886 161 1163 217 oppositionem
1196 180 1271 208 non
1301 169 1486 220 pertinet3
1524 172 1735 210 extremum

328 238 430 276 enim
459 236 725 274 hexametrum
756 248 844 275 cum
865 236 1124 285 Hertzbergio
1157 237 1211 275 sic
1241 239 1470 288 accipimus,
1501 241 1547 277 ut
1568 237 1736 287 Cynthia

329 305 418 343 deos
443 303 692 343 iurisiurandi
718 315 803 342 esse
830 304 1000 343 vindices
1026 304 1123 343 falso
1150 307 1287 353 putare
1313 306 1470 354 ipsaque
1496 317 1537 344 se
1557 306 1735 345 inanibus

326 372 510 410 amatoris
531 372 843 411 excusationibus
864 371 996 411 fallere
1018 373 1180 411 dicatur.
1224 372 1322 411 Item
1344 373 1395 421 11,
1426 375 1464 421 9,
1492 375 1555 411 10.
1581 384 1666 411 cum
1686 374 1734 411 il-

327 438 394 477 lud
415 438 573 477 dicitur:

445 556 500 594 At
520 559 564 593 tu
585 566 659 593 non
680 566 756 593 una
775 555 937 603 potuisti
960 558 1069 594 nocte
1090 566 1227 594 vacare
1252 577 1303 583 —

328 670 497 719 Cynthia
517 670 722 719 opponitur
743 670 927 717 Briseidi‚
961 670 1029 708 sed
1055 681 1100 708 ea
1121 674 1332 709 memorata
1351 671 1460 718 prius
1481 681 1591 719 quam
1615 682 1734 719 oppo-

327 738 416 777 sitio
438 737 604 777 infertur
623 738 695 776 hoc
719 738 911 776 distichon
932 738 1204 787 interpositum
1227 742 1302 777 est:

446 845 554 884 Tunc
575 845 696 894 igitur
717 845 821 883 veris
842 844 1034 893 gaudebat
1056 844 1218 884 Graecia
1238 845 1353 892 natis,

505 913 612 951 Tunc
635 913 750 951 etiam
772 912 864 950 felix
884 913 987 951 inter
1007 916 1046 950 et
1066 924 1173 951 arma
1192 913 1327 960 pudor.
1343 934 1397 940 —-

327 1029 423 1067 Item
444 1027 516 1076 IV,
543 1030 580 1076 3,
606 1029 672 1065 29.
706 1028 905 1066 Arethusa
924 1039 1039 1066 suam
1067 1028 1185 1066 vitam
1211 1027 1311 1066 vitae
1333 1028 1502 1076 Lycotae
1523 1028 1578 1066 ita
1599 1038 1646 1066 ex
1669 1027 1735 1065 ad-

326 1106 438 1134 verso
461 1095 585 1143 ponit:

445 1164 500 1201 At
519 1163 613 1200 mihi
641 1174 725 1201 cum
748 1166 881 1204 noctes
903 1163 1054 1200 induxit
1075 1162 1224 1209 Vesper
1245 1174 1394 1200 amaras
1419 1184 1470 1190 —

329 1281 372 1316 ut
393 1278 500 1326 prius
523 1277 675 1326 aperiat
696 1276 797 1315 unde
819 1277 894 1315 viri
915 1277 1074 1315 maciem
1097 1280 1219 1316 ortam
1242 1277 1345 1315 velit.
1390 1277 1442 1315 At
1462 1277 1534 1325 III,
1562 1279 1626 1326 15,
1651 1279 1734 1326 42.‚

327 1345 392 1383 ubi
415 1356 510 1393 quae
531 1357 554 1383 a
573 1344 743 1393 Cynthia
757 1344 932 1392 poscitur
951 1344 1152 1382 clementia
1163 1344 1299 1382 Dirces
1316 1344 1500 1382 saevitiae
1516 1345 1736 1393 opponitur,

327 1412 430 1451 inter
447 1412 560 1450 huius
577 1411 874 1460 descriptionem
891 1412 1073 1460 illamque
1089 1411 1385 1460 postulationem
1402 1411 1534 1450 multis
1551 1411 1666 1450 etiam
1678 1412 1735 1450 di-

328 1480 465 1518 stichis
487 1491 581 1527 quas
599 1479 665 1517 illa
683 1479 835 1517 dederit
848 1490 989 1527 poenas
1012 1479 1229 1527 exponitur.
1258 1500 1308 1506 —
1333 1479 1440 1517 Nihil
1456 1479 1577 1527 igitur
1594 1482 1652 1517 est
1669 1490 1739 1518 cur

328 1548 367 1585 in
399 1551 442 1585 at
475 1547 750 1596 oppositionem
775 1547 1052 1585 desideremus.
1097 1546 1174 1585 Sed
1195 1557 1269 1584 non
1293 1547 1414 1584 minus
1436 1549 1541 1585 errat
1561 1547 1737 1585 Luettio-

327 1615 475 1652 hannes
497 1626 580 1653 cum
602 1626 679 1652 vss.
701 1615 886 1652 35—38.
910 1614 996 1652 ideo
1017 1614 1103 1652 loco
1126 1618 1265 1661 movet,
1289 1613 1388 1661 quod
1407 1625 1502 1662 quae
1519 1614 1740 1653 contineant

329 1682 508 1722 mandata
528 1694 615 1721 cum
637 1683 777 1721 ceteris
798 1682 988 1721 mandatis
1010 1681 1275 1731 coniungenda
1296 1683 1384 1721 sint.
1417 1681 1516 1730 Quid
1538 1682 1661 1721 enim?
1682 1683 1737 1721 in-

329 1750 389 1789 fra
421 1763 517 1799 quae
549 1751 632 1788 vult
662 1750 749 1788 fieri
783 1762 828 1788 ea
850 1750 1020 1799 Cynthia
1045 1750 1120 1798 ipsi
1141 1751 1342 1798 Propertio
1370 1755 1503 1798 aperte
1525 1751 1680 1789 mandat
1701 1754 1740 1789 et

329 1819 534 1858 committit
560 1822 678 1868 utque
706 1822 939 1868 exsequatur
960 1818 1141 1868 impellit;
1173 1818 1261 1857 tibi
1288 1830 1401 1858 nunc
1427 1818 1636 1858 mandata
1664 1819 1738 1858 da-

329 1899 442 1936 mus,
465 1888 603 1935 inquit,
627 1892 829 1935 antequam
851 1888 970 1924 tertia
991 1887 1099 1924 verbi
1121 1890 1296 1934 persona·
1305 1887 1443 1924 utitur:

449 2004 517 2041 73.
540 2002 684 2041 Nutrix
706 2003 743 2040 in
764 2002 938 2041 tremulis
959 2013 1006 2039 ne
1028 2002 1119 2049 quid
1142 2002 1376 2040 desideret
1395 2003 1504 2040 annis
1518 2024 1568 2029 ——

450 2071 517 2108 76.
541 2092 597 2097 --
619 2069 676 2107 Ne
699 2069 891 2117 speculum
915 2069 1087 2107 dominae
1109 2070 1315 2117 porrigat
1335 2069 1400 2107 illa
1422 2080 1541 2107 novae
1557 2091 1610 2096 —

330 2187 371 2221 at
391 2187 477 2231 post
497 2184 568 2223 hos
589 2195 724 2222 versus
745 2183 993 2232 imperativos
1015 2184 1191 2222 adhibet:
1214 2195 1296 2233 ure,
1309 2184 1454 2233 desine,
1467 2183 1580 2233 pelle,
1600 2183 1739 2232 scribe,

330 2263 556 2302 sperne—3
589 2253 758 2301 accedit,
791 2255 836 2291 ut
861 2263 957 2301 quae
980 2252 1033 2291 ibi
1054 2252 1300 2301 mandantur,
1334 2253 1530 2301 placatum
1552 2253 1678 2291 omnia
1698 2263 1741 2290 ac

331 2320 465 2358 dolore
497 2321 619 2368 magis
652 2326 691 2359 et
721 2321 867 2368 pietate
900 2332 1013 2368 quam
1044 2322 1102 2358 ira
1129 2325 1356 2358 commotum
1384 2321 1550 2358 animum
1572 2320 1742 2358 indicent

332 2392 447 2436 atque
479 2388 528 2426 ab
565 2388 822 2437 indignatione
854 2391 892 2426 et
929 2388 1194 2437 obiurgatione
1226 2388 1274 2427 ad
1306 2388 1670 2428 commiserationem
1703 2390 1743 2427 et
