1862 2676
120 168 121 171 *
185 181 395 229 sequuntur
414 178 623 227 elegiarum
642 172 782 229 partim
803 180 1010 219 amatoriae
1032 170 1133 229 sunt,
1150 179 1198 218 ad
1216 189 1311 229 quas
1327 178 1445 217 tertia
1465 179 1579 218 etiam

185 249 226 285 et
247 245 379 285 ultima
399 249 473 285 n‘on
494 246 1098 296 immeritocreferunturspartim
1120 251 1346 296 argumenta
1367 246 1513 285 habent
1533 258 1579 284 ex

184 316 303 355 sacris
321 314 534 364 fabulisque
554 316 721 366 antiquis
741 315 876 364 petita,
899 326 1017 365 eaque
1038 316 1113 354 duo
1134 326 1283 365 genera·
1293 316 1506 354 miscentur
1521 314 1579 353 in-

147 429 149 432 ,
184 387 246 422 ter
265 394 306 422 se
327 370 682 432 et'confunduntur‚
699 385 745 420 ut
764 383 961 420 amatoriis
978 383 1111 430 elegiis
1133 382 1295 420 alterius
1311 382 1465 431 generis
1482 383 1578 420 ordo

184 451 391 501 elegiarum
418 451 590 490 varietur
621 455 660 491 et
688 450 955 500 perturbetur:
990 450 1044 489 ita
1069 453 1364 489 consentaneum
1395 453 1479 489 erat
1507 450 1579 489 toti

184 519 284 558 libro
321 520 429 568 quasi
464 519 708 567 praefationis
742 519 827 557 loco
864 530 948 557 eam
985 519 1147 566 elegiam
1184 519 1448 567 praemittere,
1481 530 1578 568 quae

184 587 382 636 utriusque
412 587 562 636 generis
593 590 698 626 esset
726 587 922 635 particeps
953 585 1167 635 duplexque
1199 586 1287 625 libri
1313 592 1578 635 argumentum

182 655 381 693 indicaret.
404 655 587 694 Similiter
607 655 724 693 etiam
739 655 925 693 Horatius
945 655 984 692 in
1005 666 1050 693 eo
1071 656 1253 702 carmine,
1277 667 1353 703 quo
1370 659 1449 693 tres
1471 657 1576 703 prio-

183 734 245 761 res
274 722 395 761 libros
426 721 594 771 induxit,
627 724 667 760 et
698 733 831 761 severa
861 733 902 761 se
934 725 973 760 et
1004 721 1153 760 ludicra
1183 722 1351 760 carmina
1377 723 1577 771 scripsisse

183 790 365 839 declarat,
393 791 425 829 si
451 791 604 839 quidem
631 794 738 829 recte
764 791 794 828 I.
822 789 864 828 G.
888 790 1051 829 Jahnius
1076 791 1130 837 (in
1153 791 1411 838 disputatione
1433 790 1479 828 de
1499 792 1578 829 Ho-

180 858 272 897 ratii
292 858 461 896 carmine
481 858 617 907 primo,
641 857 891 896 Stallbaumio
913 868 1049 895 munus
1069 856 1333 906 praeceptoris
1355 862 1444 895 ante
1467 859 1578 906 quin-

181 939 253 975 que
292 927 414 966 lustra
453 929 667 974 susceptum
704 927 942 974 gratulatur;
984 927 1137 975 Lipsiae
1181 928 1303 965 1845.
1336 938 1373 974 p.
1409 928 1476 965 27.
1510 928 1577 974 ss.)

179 992 348 1032 ostendit
367 993 472 1032 Deos
499 1004 656 1043 superos
677 996 715 1032 et
734 992 1023 1043 Polyhymniam
1051 994 1098 1032 de
1115 994 1308 1043 gravibus,
1326 993 1522 1042 Euterpen
1538 998 1577 1032 et

179 1062 375 1110 Nymphas
396 1066 435 1101 et
457 1062 614 1111 Satyros
635 1063 681 1101 de
702 1062 850 1101 levibus
872 1063 1105 1101 carminibus
1122 1074 1204 1101 esse
1220 1063 1479 1111 accipiendas3
1503 1075 1573 1102 nec

180 1129 365 1168 dissimile
387 1133 446 1168 est
466 1130 590 1179 quarti
611 1129 698 1168 libri
720 1140 870 1168 carmen
896 1130 1073 1179 primum,
1102 1141 1176 1178 quo
1205 1141 1291 1168 cum
1318 1134 1358 1168 et
1377 1131 1575 1177 renunciet

179 1198 323 1236 Veneri
345 1203 384 1236 et
403 1202 529 1236 tamen
551 1198 726 1247 Ligurini
750 1203 1009 1246 erumpentem
1027 1210 1195 1237 amorem
1213 1199 1411 1247 exprimat,
1429 1199 1461 1237 is
1479 1200 1575 1237 liber

180 1267 375 1314 sequitur,
409 1277 521 1314 quem
551 1270 591 1303 et
616 1265 779 1304 edidisse
805 1270 962 1315 propter
988 1266 1120 1305 laudes
1148 1266 1360 1304 Caesareae
1387 1267 1521 1305 domus
1551 1279 1574 1305 a

180 1334 395 1373 scholiastis
426 1334 592 1372 traditur
616 1338 663 1374 ,et
693 1339 820 1372 tamen
851 1335 1048 1373 amatoriis
1080 1346 1214 1373 rursus
1250 1335 1479 1374 carminibus
1521 1335 1577 1374 di-

177 1402 321 1441 stinxit.
335 1401 411 1441 Sed
423 1413 496 1440 non
518 1403 610 1440 satis
632 1401 746 1440 habet
759 1402 1042 1440 Heimreichius
1063 1403 1160 1451 quod
1183 1415 1298 1441 unum
1320 1408 1403 1457 erat
1422 1414 1573 1442 carmen

177 1471 214 1507 in
237 1471 311 1508 duo
338 1470 588 1508 disiunxisse:
622 1471 724 1508 idem
757 1482 840 1508 cum
872 1474 1001 1508 cetera
1030 1471 1144 1509 huius
1175 1472 1265 1509 libri
1296 1472 1462 1510 carmina
1491 1477 1572 1510 tum

177 1539 250 1577 hoc
272 1550 422 1577 carmen
447 1539 504 1577 vel
526 1543 569 1576 ut
589 1539 672 1587 ipse
693 1539 773 1577 vult
793 1539 888 1578 haec
911 1539 986 1578 duo
1007 1540 1178 1578 carmina
1198 1551 1220 1578 a
1241 1539 1443 1588 Propertio
1464 1540 1571 1579 abiu-

177 1605 288 1645 dicat.
312 1606 447 1656 Itaque
465 1607 510 1645 de
531 1606 671 1645 ceteris
693 1606 857 1655 quidem,
886 1618 983 1656 quae
1002 1607 1302 1646 Luettiohannes
1326 1608 1420 1646 satis
1442 1607 1571 1647 defen-

177 1674 245 1722 dit,
267 1678 312 1713 ut
332 1680 422 1712 ante
444 1674 753 1723 significavimus,
776 1676 867 1713 nihil
889 1676 1083 1713 dicemus:
1111 1676 1223 1713 huius
1244 1680 1373 1714 autem
1394 1678 1572 1716 carminis

178 1754 264 1782 cum
285 1743 446 1782 alteram
468 1746 572 1782 certe
593 1746 741 1792 partem
762 1743 821 1781 vel
842 1743 907 1781 ille
929 1747 1043 1793 neget
1059 1754 1081 1781 a
1096 1743 1299 1791 Propertio
1321 1745 1572 1793 compositam

176 1812 288 1850 nobis
309 1811 477 1850 defensio
498 1811 740 1859 suscipienda
760 1811 924 1850 videtur.
938 1810 1174 1860 Quamquam
1195 1812 1243 1849 ad
1262 1812 1425 1860 primum
1437 1812 1572 1851 Heim-

174 1879 310 1918 reichii
332 1883 597 1929 argumentum
619 1884 678 1918 est
698 1880 771 1919 iam
797 1891 1018 1928 responsum
1044 1880 1092 1918 iis
1119 1891 1215 1929 qnae
1243 1880 1290 1919 de
1316 1891 1456 1928 genere
1484 1892 1569 1920 car-

174 1948 287 1986 minis
308 1948 595 1998 disputavimus.
618 1948 726 1997 Quod
748 1949 848 1987 enim
869 1949 923 1987 ait
943 1948 982 1986 id
1004 1960 1154 1987 carmen
1172 1948 1329 1987 rudiore
1346 1960 1459 1997 quam
1476 1949 1571 1988 Pro-

174 2018 287 2064 pertii
315 2022 398 2056 arte
426 2028 509 2056 esse
540 2018 805 2066 compositum,
836 2018 876 2056 id
908 2029 1039 2055 verum
1072 2022 1172 2055 esset
1203 2016 1378 2066 fortasse,
1412 2018 1443 2056 si
1471 2018 1567 2056 duae

174 2085 262 2124 illae
288 2090 419 2135 partes
450 2086 608 2125 totidem
639 2091 766 2124 essent
796 2087 944 2135 integra
974 2086 1157 2124 carmina:
1191 2096 1290 2123 nunc
1318 2097 1404 2123 cum
1432 2086 1567 2125 ambae

173 2153 305 2191 eodem
327 2155 497 2192 carmine
520 2155 800 2201 contineantur,
823 2154 1134 2201 compositionem
1156 2157 1315 2201 apparet
1336 2154 1431 2191 nihil
1451 2155 1499 2192 ab
1522 2166 1566 2192 eo

171 2232 309 2269 genere
340 2221 518 2273 differre,
550 2231 623 2271 quo
656 2227 695 2260 et
724 2221 965 2271 Propertium
999 2224 1038 2259 et
1067 2221 1160 2259 alios
1192 2232 1283 2260 usos
1316 2232 1400 2260 esse
1432 2226 1565 2271 poetas

170 2290 281 2329 modo
309 2291 552 2329 ostendimus.
581 2290 687 2338 Quae
719 2294 846 2329 autem
876 2291 914 2327 in
941 2290 1099 2338 singulis
1126 2291 1255 2328 verbis
1280 2291 1340 2329 vel
1368 2290 1565 2329 sententiis

172 2358 355 2406 quosdam
387 2357 643 2407 offenderunt,
677 2369 721 2397 ea
758 2357 914 2407 singulis
944 2357 1189 2397 emendandis
1226 2362 1293 2397 aut
1332 2357 1565 2407 explicandis

169 2437 281 2473 posse
317 2427 398 2465 tolli
436 2432 473 2466 et
508 2427 672 2466 vidimus
711 2428 786 2466 iam
827 2439 910 2465 cum
947 2430 1082 2466 contra
1127 2427 1458 2475 Eschenburgium
1507 2425 1564 2465 di-
