<?xml version="1.0" encoding="UTF-8"?>
<!DOCTYPE html PUBLIC "-//W3C//DTD XHTML 1.0 Transitional//EN"
    "http://www.w3.org/TR/xhtml1/DTD/xhtml1-transitional.dtd">
<html xmlns="http://www.w3.org/1999/xhtml" xml:lang="en" lang="en">
 <head>
  <title>
</title>
<meta http-equiv="Content-Type" content="text/html;charset=utf-8" />
  <meta name='ocr-system' content='tesseract 3.04.00' />
  <meta name='ocr-capabilities' content='ocr_page ocr_carea ocr_par ocr_line ocrx_word'/>
</head>
<body>
  <div class='ocr_page' id='page_1' title='image "4737380_0019.png"; bbox 0 0 1862 2676; ppageno 0'>
   <div class='ocr_carea' id='block_1_1' title="bbox 748 30 1003 95">
    <p class='ocr_par' dir='ltr' id='par_1_1' title="bbox 748 30 1003 95">
     <span class='ocr_line' id='line_1_1' title="bbox 748 30 1003 95; baseline -0.016 1"><span class='ocrx_word' id='word_1_1' title='bbox 748 30 1003 95; x_wconf 66' lang='lat' dir='ltr'><strong>&#39;-1i÷</strong></span> 
     </span>
    </p>
   </div>
   <div class='ocr_carea' id='block_1_2' title="bbox 144 164 1639 2473">
    <p class='ocr_par' dir='ltr' id='par_1_2' title="bbox 144 164 1639 2061">
     <span class='ocr_line' id='line_1_2' title="bbox 144 164 1582 223; baseline 0.002 -17"><span class='ocrx_word' id='word_1_2' title='bbox 144 164 163 206; x_wconf 72' lang='lat' dir='ltr'><em>f</em></span> <span class='ocrx_word' id='word_1_3' title='bbox 181 177 339 223; x_wconf 58' lang='grc' dir='ltr'><strong>Διιῃρειιι</strong></span> <span class='ocrx_word' id='word_1_4' title='bbox 322 169 519 219; x_wconf 55' lang='lat' dir='ltr'><strong>aquatuor</strong></span> <span class='ocrx_word' id='word_1_5' title='bbox 540 166 651 209; x_wconf 65' lang='lat' dir='ltr'><strong>adde</strong></span> <span class='ocrx_word' id='word_1_6' title='bbox 666 168 763 219; x_wconf 72' lang='lat' dir='ltr'><strong>meis</strong></span> <span class='ocrx_word' id='word_1_7' title='bbox 786 183 849 209; x_wconf 61' lang='lat' dir='ltr'><strong>-m</strong></span> <span class='ocrx_word' id='word_1_8' title='bbox 859 171 950 220; x_wconf 65' lang='lat' dir='ltr'><strong>auu</strong></span> <span class='ocrx_word' id='word_1_9' title='bbox 942 167 1449 222; x_wconf 47' lang='lat' dir='ltr'><strong>muisflqmoaemm</strong></span> <span class='ocrx_word' id='word_1_10' title='bbox 1454 179 1582 210; x_wconf 69' lang='lat' dir='ltr'><strong>mm</strong></span> 
     </span>
     <span class='ocr_line' id='line_1_3' title="bbox 194 223 1583 288; baseline -0.001 -10"><span class='ocrx_word' id='word_1_11' title='bbox 194 233 355 278; x_wconf 68' lang='lat' dir='ltr'><strong>editioni</strong></span> <span class='ocrx_word' id='word_1_12' title='bbox 381 236 592 284; x_wconf 69' lang='lat' dir='ltr'><strong>praeniissa</strong></span> <span class='ocrx_word' id='word_1_13' title='bbox 620 228 737 279; x_wconf 48' lang='lat' dir='ltr'><strong>suut-1</strong></span> <span class='ocrx_word' id='word_1_14' title='bbox 749 235 847 284; x_wconf 82' lang='grc' dir='ltr'><strong>Ωηί</strong></span> <span class='ocrx_word' id='word_1_15' title='bbox 859 223 987 277; x_wconf 75' lang='lat' dir='ltr'><strong>modo</strong></span> <span class='ocrx_word' id='word_1_16' title='bbox 998 237 1185 278; x_wconf 61' lang='lat' dir='ltr'><strong>Manis</strong></span> <span class='ocrx_word' id='word_1_17' title='bbox 1189 236 1389 287; x_wconf 39' lang='lat' dir='ltr'><strong>moranus</strong></span> <span class='ocrx_word' id='word_1_18' title='bbox 1417 236 1583 288; x_wconf 67' lang='lat' dir='ltr'><strong>quinque</strong></span> 
     </span>
     <span class='ocr_line' id='line_1_4' title="bbox 192 299 1584 361; baseline 0.003 -19"><span class='ocrx_word' id='word_1_19' title='bbox 192 301 317 361; x_wconf 72' lang='lat' dir='ltr'><strong>libelli</strong></span> <span class='ocrx_word' id='word_1_20' title='bbox 322 302 418 350; x_wconf 75' lang='lat' dir='ltr'><strong>Tres</strong></span> <span class='ocrx_word' id='word_1_21' title='bbox 437 314 582 349; x_wconf 79' lang='lat' dir='ltr'><strong>sumus</strong></span> <span class='ocrx_word' id='word_1_22' title='bbox 584 303 723 349; x_wconf 43' lang='lat' dir='ltr'><strong>—ae-Sed</strong></span> <span class='ocrx_word' id='word_1_23' title='bbox 730 306 861 345; x_wconf 75' lang='lat' dir='ltr'><strong>tmen</strong></span> <span class='ocrx_word' id='word_1_24' title='bbox 871 304 922 345; x_wconf 88' lang='lat' dir='ltr'><strong>hi</strong></span> <span class='ocrx_word' id='word_1_25' title='bbox 933 315 1083 355; x_wconf 65' lang='lat' dir='ltr'><strong>quoque</strong></span> <span class='ocrx_word' id='word_1_26' title='bbox 1093 304 1251 356; x_wconf 74' lang='lat' dir='ltr'><strong>singula</strong></span> <span class='ocrx_word' id='word_1_27' title='bbox 1255 299 1584 350; x_wconf 61' lang='lat' dir='ltr'><strong>carminalibellos</strong></span> 
     </span>
     <span class='ocr_line' id='line_1_5' title="bbox 193 358 1584 422; baseline 0.004 -13"><span class='ocrx_word' id='word_1_28' title='bbox 193 358 401 421; x_wconf 66' lang='lat' dir='ltr'><strong>appeuant,</strong></span> <span class='ocrx_word' id='word_1_29' title='bbox 422 375 464 411; x_wconf 82' lang='lat' dir='ltr'><strong>ut</strong></span> <span class='ocrx_word' id='word_1_30' title='bbox 484 370 595 412; x_wconf 83' lang='lat' dir='ltr'><strong>ovid.</strong></span> <span class='ocrx_word' id='word_1_31' title='bbox 617 373 736 414; x_wconf 78' lang='lat' dir='ltr'><strong>Trist.</strong></span> <span class='ocrx_word' id='word_1_32' title='bbox 757 372 826 422; x_wconf 92' lang='lat' dir='ltr'><strong>IV,</strong></span> <span class='ocrx_word' id='word_1_33' title='bbox 852 374 890 421; x_wconf 92' lang='lat' dir='ltr'><strong>l,</strong></span> <span class='ocrx_word' id='word_1_34' title='bbox 911 375 955 412; x_wconf 90' lang='lat'><strong>1.·</strong></span> <span class='ocrx_word' id='word_1_35' title='bbox 970 373 1011 422; x_wconf 83' lang='lat' dir='ltr'><strong>Si</strong></span> <span class='ocrx_word' id='word_1_36' title='bbox 1033 384 1109 422; x_wconf 74' lang='lat' dir='ltr'><strong>qua</strong></span> <span class='ocrx_word' id='word_1_37' title='bbox 1128 373 1222 413; x_wconf 84' lang='lat' dir='ltr'><strong>meis</strong></span> <span class='ocrx_word' id='word_1_38' title='bbox 1241 372 1385 414; x_wconf 80' lang='lat' dir='ltr'><strong>fuerint</strong></span> <span class='ocrx_word' id='word_1_39' title='bbox 1404 364 1451 415; x_wconf 78' lang='lat' dir='ltr'><strong>u&#39;t</strong></span> <span class='ocrx_word' id='word_1_40' title='bbox 1469 377 1584 414; x_wconf 84' lang='lat' dir='ltr'><strong>erunt</strong></span> 
     </span>
     <span class='ocr_line' id='line_1_6' title="bbox 193 439 1582 493; baseline 0.003 -14"><span class='ocrx_word' id='word_1_41' title='bbox 193 439 331 479; x_wconf 85' lang='lat' dir='ltr'><strong>vitiosa</strong></span> <span class='ocrx_word' id='word_1_42' title='bbox 350 439 489 480; x_wconf 86' lang='lat' dir='ltr'><strong>libellis</strong></span> <span class='ocrx_word' id='word_1_43' title='bbox 508 462 554 469; x_wconf 90' lang='lat'><strong>—</strong></span> <span class='ocrx_word' id='word_1_44' title='bbox 576 440 648 491; x_wconf 89' lang='lat' dir='ltr'><strong>Ep.</strong></span> <span class='ocrx_word' id='word_1_45' title='bbox 667 452 714 480; x_wconf 88' lang='lat' dir='ltr'><strong>ex</strong></span> <span class='ocrx_word' id='word_1_46' title='bbox 731 439 774 480; x_wconf 90' lang='lat' dir='ltr'><strong>P.</strong></span> <span class='ocrx_word' id='word_1_47' title='bbox 791 440 823 490; x_wconf 96' lang='lat' dir='ltr'><strong>I,</strong></span> <span class='ocrx_word' id='word_1_48' title='bbox 850 443 886 491; x_wconf 94' lang='grc'><strong>1,</strong></span> <span class='ocrx_word' id='word_1_49' title='bbox 905 442 943 480; x_wconf 88' lang='lat'><strong>3.</strong></span> <span class='ocrx_word' id='word_1_50' title='bbox 968 439 1009 480; x_wconf 85' lang='lat' dir='ltr'><strong>Si</strong></span> <span class='ocrx_word' id='word_1_51' title='bbox 1025 444 1148 490; x_wconf 85' lang='lat' dir='ltr'><strong>vacat,</strong></span> <span class='ocrx_word' id='word_1_52' title='bbox 1165 441 1330 492; x_wconf 89' lang='lat' dir='ltr'><strong>hospitio</strong></span> <span class='ocrx_word' id='word_1_53' title='bbox 1344 442 1582 493; x_wconf 73' lang='lat' dir='ltr'><strong>peregrinoe,</strong></span> 
     </span>
     <span class='ocr_line' id='line_1_7' title="bbox 195 507 1582 566; baseline 0.003 -20"><span class='ocrx_word' id='word_1_54' title='bbox 195 507 326 557; x_wconf 84' lang='lat' dir='ltr'>Brute,</span> <span class='ocrx_word' id='word_1_55' title='bbox 348 508 496 547; x_wconf 89' lang='lat' dir='ltr'><strong>libellos</strong></span> <span class='ocrx_word' id='word_1_56' title='bbox 517 509 649 566; x_wconf 74' lang='lat' dir='ltr'><strong>excipe</strong></span> <span class='ocrx_word' id='word_1_57' title='bbox 671 531 727 537; x_wconf 93' lang='lat'><strong>—-</strong></span> <span class='ocrx_word' id='word_1_58' title='bbox 748 508 817 559; x_wconf 94' lang='lat' dir='ltr'><strong>IV,</strong></span> <span class='ocrx_word' id='word_1_59' title='bbox 841 511 880 558; x_wconf 88' lang='grc'><strong>2,</strong></span> <span class='ocrx_word' id='word_1_60' title='bbox 905 511 942 548; x_wconf 88' lang='lat'><strong>3.</strong></span> <span class='ocrx_word' id='word_1_61' title='bbox 977 508 1097 549; x_wconf 88' lang='lat' dir='ltr'><strong>Cuius</strong></span> <span class='ocrx_word' id='word_1_62' title='bbox 1117 509 1242 549; x_wconf 88' lang='lat' dir='ltr'><strong>adhuc</strong></span> <span class='ocrx_word' id='word_1_63' title='bbox 1267 521 1402 549; x_wconf 91' lang='lat' dir='ltr'><strong>nomen</strong></span> <span class='ocrx_word' id='word_1_64' title='bbox 1428 513 1582 551; x_wconf 85' lang='lat' dir='ltr'><strong>nostros</strong></span> 
     </span>
     <span class='ocr_line' id='line_1_8' title="bbox 194 576 1581 629; baseline 0.002 -14"><span class='ocrx_word' id='word_1_65' title='bbox 194 576 357 616; x_wconf 86' lang='lat' dir='ltr'><strong>tacuisse</strong></span> <span class='ocrx_word' id='word_1_66' title='bbox 377 576 528 626; x_wconf 87' lang='lat' dir='ltr'><strong>libellos</strong></span> <span class='ocrx_word' id='word_1_67' title='bbox 548 576 587 617; x_wconf 87' lang='lat' dir='ltr'><strong>Si</strong></span> <span class='ocrx_word' id='word_1_68' title='bbox 608 577 721 617; x_wconf 88' lang='lat' dir='ltr'><strong>modo</strong></span> <span class='ocrx_word' id='word_1_69' title='bbox 741 577 932 628; x_wconf 82' lang='lat' dir='ltr'><strong>permittis</strong></span> <span class='ocrx_word' id='word_1_70' title='bbox 960 577 1089 617; x_wconf 88' lang='lat' dir='ltr'><strong>dicere</strong></span> <span class='ocrx_word' id='word_1_71' title='bbox 1116 589 1207 617; x_wconf 86' lang='lat' dir='ltr'><strong>vera</strong></span> <span class='ocrx_word' id='word_1_72' title='bbox 1230 577 1353 628; x_wconf 88' lang='lat' dir='ltr'><strong>pudet</strong></span> <span class='ocrx_word' id='word_1_73' title='bbox 1371 601 1426 607; x_wconf 89' lang='lat'>—</span> <span class='ocrx_word' id='word_1_74' title='bbox 1453 581 1519 629; x_wconf 87' lang='grc'><strong>12,</strong></span> <span class='ocrx_word' id='word_1_75' title='bbox 1544 581 1581 619; x_wconf 94' lang='grc'><strong>1.</strong></span> 
     </span>
     <span class='ocr_line' id='line_1_9' title="bbox 195 643 1582 697; baseline 0.003 -14"><span class='ocrx_word' id='word_1_76' title='bbox 195 643 403 692; x_wconf 85' lang='lat' dir='ltr'><strong>Quominus</strong></span> <span class='ocrx_word' id='word_1_77' title='bbox 422 646 460 683; x_wconf 89' lang='lat' dir='ltr'><strong>in</strong></span> <span class='ocrx_word' id='word_1_78' title='bbox 481 646 622 685; x_wconf 87' lang='lat' dir='ltr'><strong>nostris</strong></span> <span class='ocrx_word' id='word_1_79' title='bbox 643 646 808 695; x_wconf 86' lang='lat' dir='ltr'><strong>ponaris,</strong></span> <span class='ocrx_word' id='word_1_80' title='bbox 831 646 965 695; x_wconf 86' lang='lat' dir='ltr'><strong>amice,</strong></span> <span class='ocrx_word' id='word_1_81' title='bbox 982 646 1120 685; x_wconf 88' lang='lat' dir='ltr'><strong>libellis</strong></span> <span class='ocrx_word' id='word_1_82' title='bbox 1145 669 1193 674; x_wconf 92' lang='lat'>—</span> <span class='ocrx_word' id='word_1_83' title='bbox 1216 646 1273 685; x_wconf 89' lang='lat' dir='ltr'><strong>Ib.</strong></span> <span class='ocrx_word' id='word_1_84' title='bbox 1295 648 1333 685; x_wconf 88' lang='lat'><strong>5.</strong></span> <span class='ocrx_word' id='word_1_85' title='bbox 1355 646 1437 686; x_wconf 88' lang='lat' dir='ltr'><strong>Nec</strong></span> <span class='ocrx_word' id='word_1_86' title='bbox 1452 659 1582 697; x_wconf 88' lang='lat' dir='ltr'><strong>quem-</strong></span> 
     </span>
     <span class='ocr_line' id='line_1_10' title="bbox 195 701 1606 766; baseline 0.004 -14"><span class='ocrx_word' id='word_1_87' title='bbox 195 725 305 763; x_wconf 83' lang='lat' dir='ltr'><strong>quam</strong></span> <span class='ocrx_word' id='word_1_88' title='bbox 331 714 453 753; x_wconf 87' lang='lat' dir='ltr'><strong>nostri</strong></span> <span class='ocrx_word' id='word_1_89' title='bbox 478 709 550 754; x_wconf 87' lang='lat' dir='ltr'><strong>nisi</strong></span> <span class='ocrx_word' id='word_1_90' title='bbox 580 726 648 754; x_wconf 88' lang='lat' dir='ltr'><strong>nos</strong></span> <span class='ocrx_word' id='word_1_91' title='bbox 677 701 825 754; x_wconf 84' lang='lat' dir='ltr'><strong>laesere</strong></span> <span class='ocrx_word' id='word_1_92' title='bbox 855 713 973 754; x_wconf 90' lang='lat' dir='ltr'><strong>libelli</strong></span> <span class='ocrx_word' id='word_1_93' title='bbox 998 736 1050 744; x_wconf 94' lang='lat'><strong>—</strong></span> <span class='ocrx_word' id='word_1_94' title='bbox 1073 714 1210 755; x_wconf 85' lang='lat' dir='ltr'><strong>Horat.</strong></span> <span class='ocrx_word' id='word_1_95' title='bbox 1237 713 1363 765; x_wconf 88' lang='lat' dir='ltr'><strong>Epist.</strong></span> <span class='ocrx_word' id='word_1_96' title='bbox 1390 715 1422 765; x_wconf 94' lang='lat' dir='ltr'><strong>I,</strong></span> <span class='ocrx_word' id='word_1_97' title='bbox 1453 718 1517 766; x_wconf 88' lang='lat'><strong>13,</strong></span> <span class='ocrx_word' id='word_1_98' title='bbox 1540 718 1581 757; x_wconf 89' lang='lat'><strong>4.</strong></span> <span class='ocrx_word' id='word_1_99' title='bbox 1602 741 1606 745; x_wconf 91' lang='lat'><em>-</em></span> 
     </span>
     <span class='ocr_line' id='line_1_11' title="bbox 194 771 1583 833; baseline 0.004 -14"><span class='ocrx_word' id='word_1_100' title='bbox 194 781 252 820; x_wconf 88' lang='lat' dir='ltr'><strong>Ne</strong></span> <span class='ocrx_word' id='word_1_101' title='bbox 266 781 391 822; x_wconf 91' lang='lat' dir='ltr'><strong>studio</strong></span> <span class='ocrx_word' id='word_1_102' title='bbox 403 784 523 822; x_wconf 89' lang='lat' dir='ltr'><strong>nostri</strong></span> <span class='ocrx_word' id='word_1_103' title='bbox 544 794 678 832; x_wconf 87' lang='lat' dir='ltr'><strong>pecces</strong></span> <span class='ocrx_word' id='word_1_104' title='bbox 699 783 904 833; x_wconf 89' lang='lat' dir='ltr'><strong>odiumque</strong></span> <span class='ocrx_word' id='word_1_105' title='bbox 925 782 1063 822; x_wconf 91' lang='lat' dir='ltr'><strong>libellis</strong></span> <span class='ocrx_word' id='word_1_106' title='bbox 1084 771 1243 822; x_wconf 86' lang='lat' dir='ltr'><strong>Sedulus</strong></span> <span class='ocrx_word' id='word_1_107' title='bbox 1253 783 1583 833; x_wconf 66' lang='lat' dir='ltr'><strong>importes—Ut</strong></span> 
     </span>
     <span class='ocr_line' id='line_1_12' title="bbox 191 839 1584 902; baseline 0.001 -13"><span class='ocrx_word' id='word_1_108' title='bbox 191 850 324 899; x_wconf 87' lang='lat' dir='ltr'><strong>paucis</strong></span> <span class='ocrx_word' id='word_1_109' title='bbox 351 851 602 900; x_wconf 83' lang='lat' dir='ltr'><strong>complectar:</strong></span> <span class='ocrx_word' id='word_1_110' title='bbox 636 862 683 889; x_wconf 84' lang='lat' dir='ltr'><strong>ex</strong></span> <span class='ocrx_word' id='word_1_111' title='bbox 708 839 870 890; x_wconf 80' lang='lat' dir='ltr'><strong>aliorum</strong></span> <span class='ocrx_word' id='word_1_112' title='bbox 902 849 1174 890; x_wconf 83' lang='lat' dir='ltr'><strong>consuetudine</strong></span> <span class='ocrx_word' id='word_1_113' title='bbox 1199 854 1296 890; x_wconf 88' lang='lat' dir='ltr'><strong>tres</strong></span> <span class='ocrx_word' id='word_1_114' title='bbox 1326 850 1475 891; x_wconf 88' lang='lat' dir='ltr'><strong>libelli</strong></span> <span class='ocrx_word' id='word_1_115' title='bbox 1498 864 1584 902; x_wconf 91' lang='lat' dir='ltr'><strong>pos·</strong></span> 
     </span>
     <span class='ocr_line' id='line_1_13' title="bbox 193 918 1584 968; baseline 0.002 -12"><span class='ocrx_word' id='word_1_116' title='bbox 193 922 283 956; x_wconf 89' lang='lat' dir='ltr'><strong>sunt</strong></span> <span class='ocrx_word' id='word_1_117' title='bbox 304 929 390 957; x_wconf 89' lang='lat' dir='ltr'><strong>esse</strong></span> <span class='ocrx_word' id='word_1_118' title='bbox 410 919 501 957; x_wconf 85' lang='lat' dir='ltr'><strong>tria</strong></span> <span class='ocrx_word' id='word_1_119' title='bbox 522 919 733 968; x_wconf 89' lang='lat' dir='ltr'><strong>carmina,</strong></span> <span class='ocrx_word' id='word_1_120' title='bbox 756 930 802 957; x_wconf 84' lang='lat' dir='ltr'><strong>ex</strong></span> <span class='ocrx_word' id='word_1_121' title='bbox 817 918 1068 967; x_wconf 81' lang='lat' dir='ltr'><strong>Propertiana</strong></span> <span class='ocrx_word' id='word_1_122' title='bbox 1089 919 1363 958; x_wconf 89' lang='lat' dir='ltr'><strong>consuetudine</strong></span> <span class='ocrx_word' id='word_1_123' title='bbox 1382 930 1456 958; x_wconf 92' lang='lat' dir='ltr'><strong>non</strong></span> <span class='ocrx_word' id='word_1_124' title='bbox 1472 918 1584 959; x_wconf 74' lang='lat' dir='ltr'><strong>facile</strong></span> 
     </span>
     <span class='ocr_line' id='line_1_14' title="bbox 193 987 1583 1038; baseline 0.001 -12"><span class='ocrx_word' id='word_1_125' title='bbox 193 990 358 1036; x_wconf 88' lang='lat' dir='ltr'><strong>possunt</strong></span> <span class='ocrx_word' id='word_1_126' title='bbox 373 999 457 1026; x_wconf 88' lang='lat' dir='ltr'><strong>esse</strong></span> <span class='ocrx_word' id='word_1_127' title='bbox 473 987 586 1026; x_wconf 93' lang='lat' dir='ltr'><strong>aliud.</strong></span> <span class='ocrx_word' id='word_1_128' title='bbox 609 987 691 1027; x_wconf 90' lang='lat' dir='ltr'><strong>Nec</strong></span> <span class='ocrx_word' id='word_1_129' title='bbox 708 988 829 1037; x_wconf 79' lang='lat' dir='ltr'><strong>magis</strong></span> <span class='ocrx_word' id='word_1_130' title='bbox 845 987 1050 1037; x_wconf 88' lang='lat' dir='ltr'><strong>quidquam</strong></span> <span class='ocrx_word' id='word_1_131' title='bbox 1065 999 1111 1027; x_wconf 88' lang='lat' dir='ltr'><strong>ex</strong></span> <span class='ocrx_word' id='word_1_132' title='bbox 1132 988 1281 1027; x_wconf 90' lang='lat' dir='ltr'><strong>tribus</strong></span> <span class='ocrx_word' id='word_1_133' title='bbox 1301 988 1425 1037; x_wconf 88' lang='lat' dir='ltr'><strong>promi</strong></span> <span class='ocrx_word' id='word_1_134' title='bbox 1440 992 1583 1038; x_wconf 82' lang='lat' dir='ltr'><strong>potest,</strong></span> 
     </span>
     <span class='ocr_line' id='line_1_15' title="bbox 194 1044 1585 1105; baseline 0.001 -11"><span class='ocrx_word' id='word_1_135' title='bbox 194 1067 268 1104; x_wconf 90' lang='lat' dir='ltr'><strong>quo</strong></span> <span class='ocrx_word' id='word_1_136' title='bbox 290 1055 451 1094; x_wconf 85' lang='lat' dir='ltr'><strong>alterum</strong></span> <span class='ocrx_word' id='word_1_137' title='bbox 470 1044 609 1095; x_wconf 75' lang='lat' dir='ltr'><strong>librum</strong></span> <span class='ocrx_word' id='word_1_138' title='bbox 630 1057 669 1094; x_wconf 90' lang='lat' dir='ltr'><strong>in</strong></span> <span class='ocrx_word' id='word_1_139' title='bbox 690 1056 787 1094; x_wconf 88' lang='lat' dir='ltr'><strong>duos</strong></span> <span class='ocrx_word' id='word_1_140' title='bbox 808 1052 1053 1094; x_wconf 88' lang='lat' dir='ltr'><strong>dividendum</strong></span> <span class='ocrx_word' id='word_1_141' title='bbox 1074 1055 1272 1094; x_wconf 81' lang='lat' dir='ltr'><strong>efficiatur.</strong></span> <span class='ocrx_word' id='word_1_142' title='bbox 1306 1056 1465 1105; x_wconf 88' lang='lat' dir='ltr'><strong>Triplici</strong></span> <span class='ocrx_word' id='word_1_143' title='bbox 1483 1057 1585 1096; x_wconf 89' lang='lat' dir='ltr'><strong>enim</strong></span> 
     </span>
     <span class='ocr_line' id='line_1_16' title="bbox 194 1123 1585 1174; baseline 0.001 -10"><span class='ocrx_word' id='word_1_144' title='bbox 194 1124 304 1164; x_wconf 92' lang='lat' dir='ltr'><strong>modo</strong></span> <span class='ocrx_word' id='word_1_145' title='bbox 339 1125 508 1165; x_wconf 85' lang='lat' dir='ltr'><strong>ternario</strong></span> <span class='ocrx_word' id='word_1_146' title='bbox 543 1136 701 1164; x_wconf 88' lang='lat' dir='ltr'><strong>numero</strong></span> <span class='ocrx_word' id='word_1_147' title='bbox 738 1125 859 1165; x_wconf 90' lang='lat' dir='ltr'><strong>utitur</strong></span> <span class='ocrx_word' id='word_1_148' title='bbox 894 1124 1139 1174; x_wconf 88' lang='lat' dir='ltr'><strong>Propertius,</strong></span> <span class='ocrx_word' id='word_1_149' title='bbox 1177 1127 1220 1164; x_wconf 92' lang='lat' dir='ltr'><strong>ut</strong></span> <span class='ocrx_word' id='word_1_150' title='bbox 1248 1123 1330 1165; x_wconf 83' lang='lat' dir='ltr'><strong>fere</strong></span> <span class='ocrx_word' id='word_1_151' title='bbox 1359 1136 1489 1165; x_wconf 88' lang='lat' dir='ltr'><strong>omues</strong></span> <span class='ocrx_word' id='word_1_152' title='bbox 1518 1128 1585 1166; x_wconf 77' lang='lat' dir='ltr'><strong>aut</strong></span> 
     </span>
     <span class='ocr_line' id='line_1_17' title="bbox 194 1194 1584 1243; baseline 0.001 -11"><span class='ocrx_word' id='word_1_153' title='bbox 194 1194 404 1242; x_wconf 90' lang='lat' dir='ltr'><strong>scriptores</strong></span> <span class='ocrx_word' id='word_1_154' title='bbox 424 1197 491 1232; x_wconf 83' lang='lat' dir='ltr'><strong>aut</strong></span> <span class='ocrx_word' id='word_1_155' title='bbox 511 1197 648 1242; x_wconf 85' lang='lat' dir='ltr'><strong>poetae</strong></span> <span class='ocrx_word' id='word_1_156' title='bbox 667 1197 807 1233; x_wconf 82' lang='lat' dir='ltr'><strong>tamen.</strong></span> <span class='ocrx_word' id='word_1_157' title='bbox 830 1194 1001 1232; x_wconf 89' lang='lat' dir='ltr'><strong>Primum</strong></span> <span class='ocrx_word' id='word_1_158' title='bbox 1026 1194 1196 1243; x_wconf 89' lang='lat' dir='ltr'><strong>proprie,</strong></span> <span class='ocrx_word' id='word_1_159' title='bbox 1224 1197 1268 1232; x_wconf 86' lang='lat' dir='ltr'><strong>ut</strong></span> <span class='ocrx_word' id='word_1_160' title='bbox 1286 1197 1368 1232; x_wconf 88' lang='lat' dir='ltr'><strong>tres</strong></span> <span class='ocrx_word' id='word_1_161' title='bbox 1389 1205 1449 1232; x_wconf 89' lang='lat' dir='ltr'><strong>res</strong></span> <span class='ocrx_word' id='word_1_162' title='bbox 1469 1194 1584 1242; x_wconf 85' lang='lat' dir='ltr'><strong>dicat,</strong></span> 
     </span>
     <span class='ocr_line' id='line_1_18' title="bbox 195 1260 1584 1311; baseline 0.001 -11"><span class='ocrx_word' id='word_1_163' title='bbox 195 1262 284 1310; x_wconf 84' lang='lat' dir='ltr'><strong>quia</strong></span> <span class='ocrx_word' id='word_1_164' title='bbox 305 1262 343 1300; x_wconf 91' lang='lat' dir='ltr'><strong>in</strong></span> <span class='ocrx_word' id='word_1_165' title='bbox 364 1273 490 1300; x_wconf 86' lang='lat' dir='ltr'><strong>rerum</strong></span> <span class='ocrx_word' id='word_1_166' title='bbox 514 1265 650 1300; x_wconf 88' lang='lat' dir='ltr'><strong>natura</strong></span> <span class='ocrx_word' id='word_1_167' title='bbox 671 1264 760 1300; x_wconf 92' lang='lat' dir='ltr'><strong>sunt</strong></span> <span class='ocrx_word' id='word_1_168' title='bbox 781 1261 957 1300; x_wconf 89' lang='lat' dir='ltr'><strong>totidem:</strong></span> <span class='ocrx_word' id='word_1_169' title='bbox 979 1261 1030 1310; x_wconf 95' lang='lat' dir='ltr'><strong>II,</strong></span> <span class='ocrx_word' id='word_1_170' title='bbox 1049 1262 1114 1309; x_wconf 89' lang='lat'><strong>13,</strong></span> <span class='ocrx_word' id='word_1_171' title='bbox 1128 1263 1195 1300; x_wconf 90' lang='lat'><strong>44.</strong></span> <span class='ocrx_word' id='word_1_172' title='bbox 1223 1260 1407 1301; x_wconf 86' lang='lat' dir='ltr'><strong>Iussisset</strong></span> <span class='ocrx_word' id='word_1_173' title='bbox 1427 1262 1584 1311; x_wconf 81' lang='lat' dir='ltr'><strong>quaevis</strong></span> 
     </span>
     <span class='ocr_line' id='line_1_19' title="bbox 195 1328 1585 1377; baseline 0.001 -9"><span class='ocrx_word' id='word_1_174' title='bbox 195 1330 241 1368; x_wconf 86' lang='lat' dir='ltr'><strong>de</strong></span> <span class='ocrx_word' id='word_1_175' title='bbox 262 1330 384 1369; x_wconf 90' lang='lat' dir='ltr'><strong>tribus</strong></span> <span class='ocrx_word' id='word_1_176' title='bbox 404 1342 480 1368; x_wconf 86' lang='lat' dir='ltr'><strong>una</strong></span> <span class='ocrx_word' id='word_1_177' title='bbox 501 1341 611 1368; x_wconf 87' lang='lat' dir='ltr'><strong>soror</strong></span> <span class='ocrx_word' id='word_1_178' title='bbox 628 1351 683 1358; x_wconf 80' lang='lat'><strong>——-</strong></span> <span class='ocrx_word' id='word_1_179' title='bbox 696 1329 744 1368; x_wconf 84' lang='lat' dir='ltr'><strong>cf.</strong></span> <span class='ocrx_word' id='word_1_180' title='bbox 764 1332 831 1369; x_wconf 89' lang='lat'><strong>46.</strong></span> <span class='ocrx_word' id='word_1_181' title='bbox 854 1328 1030 1367; x_wconf 86' lang='lat' dir='ltr'><strong>Nestoris</strong></span> <span class='ocrx_word' id='word_1_182' title='bbox 1050 1333 1110 1367; x_wconf 88' lang='lat' dir='ltr'><strong>est</strong></span> <span class='ocrx_word' id='word_1_183' title='bbox 1131 1329 1234 1368; x_wconf 83' lang='lat' dir='ltr'><strong>visus</strong></span> <span class='ocrx_word' id='word_1_184' title='bbox 1255 1332 1342 1377; x_wconf 90' lang='lat' dir='ltr'><strong>post</strong></span> <span class='ocrx_word' id='word_1_185' title='bbox 1361 1330 1439 1368; x_wconf 82' lang='lat' dir='ltr'><strong>tria</strong></span> <span class='ocrx_word' id='word_1_186' title='bbox 1459 1330 1585 1369; x_wconf 79' lang='lat' dir='ltr'><strong>saecla</strong></span> 
     </span>
     <span class='ocr_line' id='line_1_20' title="bbox 194 1395 1639 1447; baseline 0 -10"><span class='ocrx_word' id='word_1_187' title='bbox 194 1398 289 1438; x_wconf 89' lang='lat' dir='ltr'><strong>cinis</strong></span> <span class='ocrx_word' id='word_1_188' title='bbox 306 1420 361 1426; x_wconf 89' lang='lat'><strong>—</strong></span> <span class='ocrx_word' id='word_1_189' title='bbox 378 1398 449 1447; x_wconf 92' lang='lat' dir='ltr'><strong>HI,</strong></span> <span class='ocrx_word' id='word_1_190' title='bbox 468 1400 531 1447; x_wconf 91' lang='grc'><strong>11,</strong></span> <span class='ocrx_word' id='word_1_191' title='bbox 557 1395 622 1436; x_wconf 85' lang='grc'><strong>35.</strong></span> <span class='ocrx_word' id='word_1_192' title='bbox 645 1397 741 1436; x_wconf 90' lang='lat' dir='ltr'><strong>Tres</strong></span> <span class='ocrx_word' id='word_1_193' title='bbox 761 1397 827 1436; x_wconf 90' lang='lat' dir='ltr'><strong>ubi</strong></span> <span class='ocrx_word' id='word_1_194' title='bbox 847 1396 1028 1446; x_wconf 88' lang='lat' dir='ltr'><strong>Pompeio</strong></span> <span class='ocrx_word' id='word_1_195' title='bbox 1051 1396 1218 1436; x_wconf 83' lang='lat' dir='ltr'><strong>detraxit</strong></span> <span class='ocrx_word' id='word_1_196' title='bbox 1236 1408 1352 1436; x_wconf 84' lang='lat' dir='ltr'><strong>arena</strong></span> <span class='ocrx_word' id='word_1_197' title='bbox 1372 1397 1586 1447; x_wconf 90' lang='lat' dir='ltr'><strong>triumphos</strong></span> <span class='ocrx_word' id='word_1_198' title='bbox 1636 1398 1639 1401; x_wconf 83' lang='lat'>&#39;</span> 
     </span>
     <span class='ocr_line' id='line_1_21' title="bbox 197 1466 1585 1516; baseline 0 -10"><span class='ocrx_word' id='word_1_199' title='bbox 197 1489 248 1496; x_wconf 93' lang='lat'>—</span> <span class='ocrx_word' id='word_1_200' title='bbox 270 1467 322 1506; x_wconf 91' lang='lat' dir='ltr'><strong>ib.</strong></span> <span class='ocrx_word' id='word_1_201' title='bbox 350 1469 413 1516; x_wconf 84' lang='lat'><strong>15,</strong></span> <span class='ocrx_word' id='word_1_202' title='bbox 439 1469 477 1506; x_wconf 92' lang='lat'><strong>7.</strong></span> <span class='ocrx_word' id='word_1_203' title='bbox 499 1466 652 1505; x_wconf 91' lang='lat' dir='ltr'><strong>Tertius</strong></span> <span class='ocrx_word' id='word_1_204' title='bbox 679 1466 780 1505; x_wconf 91' lang='lat' dir='ltr'><strong>haud</strong></span> <span class='ocrx_word' id='word_1_205' title='bbox 807 1466 924 1505; x_wconf 91' lang='lat' dir='ltr'><strong>multo</strong></span> <span class='ocrx_word' id='word_1_206' title='bbox 945 1466 1070 1505; x_wconf 86' lang='lat' dir='ltr'><strong>minus</strong></span> <span class='ocrx_word' id='word_1_207' title='bbox 1096 1471 1157 1505; x_wconf 89' lang='lat' dir='ltr'><strong>est</strong></span> <span class='ocrx_word' id='word_1_208' title='bbox 1182 1477 1267 1505; x_wconf 91' lang='lat' dir='ltr'><strong>cum</strong></span> <span class='ocrx_word' id='word_1_209' title='bbox 1291 1466 1445 1505; x_wconf 90' lang='lat' dir='ltr'><strong>ducitur</strong></span> <span class='ocrx_word' id='word_1_210' title='bbox 1463 1478 1585 1506; x_wconf 85' lang='lat' dir='ltr'><strong>annus</strong></span> 
     </span>
     <span class='ocr_line' id='line_1_22' title="bbox 197 1533 1582 1585; baseline 0 -11"><span class='ocrx_word' id='word_1_211' title='bbox 197 1558 249 1564; x_wconf 96' lang='lat'>—</span> <span class='ocrx_word' id='word_1_212' title='bbox 272 1536 324 1574; x_wconf 94' lang='lat' dir='ltr'><strong>ib.</strong></span> <span class='ocrx_word' id='word_1_213' title='bbox 342 1537 407 1585; x_wconf 90' lang='lat'><strong>18,</strong></span> <span class='ocrx_word' id='word_1_214' title='bbox 422 1537 488 1574; x_wconf 88' lang='lat'><strong>23.</strong></span> <span class='ocrx_word' id='word_1_215' title='bbox 511 1534 717 1573; x_wconf 85' lang='lat' dir='ltr'><strong>Exoranda</strong></span> <span class='ocrx_word' id='word_1_216' title='bbox 733 1534 837 1573; x_wconf 83' lang='lat' dir='ltr'><strong>canis</strong></span> <span class='ocrx_word' id='word_1_217' title='bbox 851 1534 927 1573; x_wconf 86' lang='lat' dir='ltr'><strong>tria</strong></span> <span class='ocrx_word' id='word_1_218' title='bbox 948 1537 1037 1572; x_wconf 91' lang='lat' dir='ltr'><strong>sunt</strong></span> <span class='ocrx_word' id='word_1_219' title='bbox 1056 1534 1237 1573; x_wconf 83' lang='lat' dir='ltr'><strong>latrantia</strong></span> <span class='ocrx_word' id='word_1_220' title='bbox 1247 1534 1358 1573; x_wconf 84' lang='lat' dir='ltr'><strong>colla.</strong></span> <span class='ocrx_word' id='word_1_221' title='bbox 1375 1533 1444 1582; x_wconf 93' lang='lat' dir='ltr'><strong>IV,</strong></span> <span class='ocrx_word' id='word_1_222' title='bbox 1462 1536 1501 1583; x_wconf 92' lang='lat'><strong>8,</strong></span> <span class='ocrx_word' id='word_1_223' title='bbox 1516 1536 1582 1574; x_wconf 88' lang='lat'><strong>35.</strong></span> 
     </span>
     <span class='ocr_line' id='line_1_23' title="bbox 195 1602 1585 1653; baseline 0 -10"><span class='ocrx_word' id='word_1_224' title='bbox 195 1604 301 1644; x_wconf 92' lang='lat' dir='ltr'><strong>Unus</strong></span> <span class='ocrx_word' id='word_1_225' title='bbox 328 1607 409 1642; x_wconf 87' lang='lat' dir='ltr'><strong>erat</strong></span> <span class='ocrx_word' id='word_1_226' title='bbox 445 1603 571 1642; x_wconf 86' lang='lat' dir='ltr'><strong>tribus</strong></span> <span class='ocrx_word' id='word_1_227' title='bbox 596 1603 635 1641; x_wconf 89' lang='lat' dir='ltr'><strong>in</strong></span> <span class='ocrx_word' id='word_1_228' title='bbox 662 1606 812 1642; x_wconf 87' lang='lat' dir='ltr'><strong>secreta</strong></span> <span class='ocrx_word' id='word_1_229' title='bbox 835 1602 995 1641; x_wconf 91' lang='lat' dir='ltr'><strong>lectulus</strong></span> <span class='ocrx_word' id='word_1_230' title='bbox 1022 1602 1153 1641; x_wconf 88' lang='lat' dir='ltr'><strong>herba.</strong></span> <span class='ocrx_word' id='word_1_231' title='bbox 1176 1603 1227 1641; x_wconf 93' lang='lat' dir='ltr'><strong>ib.</strong></span> <span class='ocrx_word' id='word_1_232' title='bbox 1252 1605 1291 1653; x_wconf 90' lang='grc'><strong>9,</strong></span> <span class='ocrx_word' id='word_1_233' title='bbox 1326 1604 1389 1642; x_wconf 90' lang='grc'><strong>10.</strong></span> <span class='ocrx_word' id='word_1_234' title='bbox 1411 1602 1489 1642; x_wconf 86' lang='lat' dir='ltr'><strong>Per</strong></span> <span class='ocrx_word' id='word_1_235' title='bbox 1509 1603 1585 1643; x_wconf 81' lang='lat' dir='ltr'><strong>tria.</strong></span> 
     </span>
     <span class='ocr_line' id='line_1_24' title="bbox 197 1670 1588 1721; baseline 0 -11"><span class='ocrx_word' id='word_1_236' title='bbox 197 1672 364 1721; x_wconf 85' lang='lat' dir='ltr'><strong>partitos</strong></span> <span class='ocrx_word' id='word_1_237' title='bbox 385 1672 451 1720; x_wconf 93' lang='lat' dir='ltr'><strong>qui</strong></span> <span class='ocrx_word' id='word_1_238' title='bbox 472 1671 588 1709; x_wconf 82' lang='lat' dir='ltr'><strong>dabat</strong></span> <span class='ocrx_word' id='word_1_239' title='bbox 610 1682 679 1709; x_wconf 92' lang='lat' dir='ltr'><strong>ora</strong></span> <span class='ocrx_word' id='word_1_240' title='bbox 699 1670 818 1710; x_wconf 89' lang='lat' dir='ltr'><strong>focos.</strong></span> <span class='ocrx_word' id='word_1_241' title='bbox 841 1671 892 1709; x_wconf 91' lang='lat' dir='ltr'><strong>ib.</strong></span> <span class='ocrx_word' id='word_1_242' title='bbox 919 1673 983 1710; x_wconf 85' lang='lat'><strong>15.</strong></span> <span class='ocrx_word' id='word_1_243' title='bbox 1008 1670 1196 1710; x_wconf 83' lang='lat' dir='ltr'><strong>Maenalio</strong></span> <span class='ocrx_word' id='word_1_244' title='bbox 1218 1671 1338 1710; x_wconf 88' lang='lat' dir='ltr'><strong>iacuit</strong></span> <span class='ocrx_word' id='word_1_245' title='bbox 1357 1671 1491 1719; x_wconf 88' lang='lat' dir='ltr'><strong>pulsus</strong></span> <span class='ocrx_word' id='word_1_246' title='bbox 1512 1671 1588 1710; x_wconf 84' lang='lat' dir='ltr'><strong>tria</strong></span> 
     </span>
     <span class='ocr_line' id='line_1_25' title="bbox 194 1738 1587 1789; baseline -0.001 -9"><span class='ocrx_word' id='word_1_247' title='bbox 194 1744 368 1789; x_wconf 85' lang='lat' dir='ltr'><strong>tempora</strong></span> <span class='ocrx_word' id='word_1_248' title='bbox 394 1751 500 1778; x_wconf 84' lang='lat' dir='ltr'><strong>ramo</strong></span> <span class='ocrx_word' id='word_1_249' title='bbox 529 1738 670 1787; x_wconf 87' lang='lat' dir='ltr'><strong>Cacus;</strong></span> <span class='ocrx_word' id='word_1_250' title='bbox 695 1761 748 1767; x_wconf 88' lang='lat'><strong>—-</strong></span> <span class='ocrx_word' id='word_1_251' title='bbox 769 1739 821 1778; x_wconf 92' lang='lat' dir='ltr'><strong>ib.</strong></span> <span class='ocrx_word' id='word_1_252' title='bbox 854 1741 919 1788; x_wconf 92' lang='lat'><strong>10,</strong></span> <span class='ocrx_word' id='word_1_253' title='bbox 947 1741 984 1778; x_wconf 89' lang='lat'><strong>2.</strong></span> <span class='ocrx_word' id='word_1_254' title='bbox 1013 1741 1201 1788; x_wconf 89' lang='lat' dir='ltr'><strong>Armaque</strong></span> <span class='ocrx_word' id='word_1_255' title='bbox 1227 1738 1273 1779; x_wconf 91' lang='lat' dir='ltr'><strong>de</strong></span> <span class='ocrx_word' id='word_1_256' title='bbox 1297 1738 1459 1778; x_wconf 89' lang='lat' dir='ltr'><strong>ducibus</strong></span> <span class='ocrx_word' id='word_1_257' title='bbox 1484 1739 1587 1779; x_wconf 82' lang='lat' dir='ltr'><strong>trina</strong></span> 
     </span>
     <span class='ocr_line' id='line_1_26' title="bbox 195 1807 1586 1858; baseline 0 -11"><span class='ocrx_word' id='word_1_258' title='bbox 195 1812 350 1858; x_wconf 84' lang='lat' dir='ltr'><strong>recepta</strong></span> <span class='ocrx_word' id='word_1_259' title='bbox 372 1808 512 1856; x_wconf 86' lang='lat' dir='ltr'><strong>tribus;</strong></span> <span class='ocrx_word' id='word_1_260' title='bbox 526 1807 644 1846; x_wconf 91' lang='lat' dir='ltr'><strong>—ib.</strong></span> <span class='ocrx_word' id='word_1_261' title='bbox 668 1809 735 1846; x_wconf 83' lang='lat'><strong>45.</strong></span> <span class='ocrx_word' id='word_1_262' title='bbox 758 1807 867 1846; x_wconf 88' lang='lat' dir='ltr'><strong>Nunc</strong></span> <span class='ocrx_word' id='word_1_263' title='bbox 889 1807 1010 1856; x_wconf 89' lang='lat' dir='ltr'><strong>spolia</strong></span> <span class='ocrx_word' id='word_1_264' title='bbox 1030 1807 1069 1845; x_wconf 91' lang='lat' dir='ltr'><strong>in</strong></span> <span class='ocrx_word' id='word_1_265' title='bbox 1090 1807 1231 1856; x_wconf 90' lang='lat' dir='ltr'><strong>templo</strong></span> <span class='ocrx_word' id='word_1_266' title='bbox 1251 1807 1329 1846; x_wconf 86' lang='lat' dir='ltr'><strong>tria</strong></span> <span class='ocrx_word' id='word_1_267' title='bbox 1349 1807 1515 1847; x_wconf 81' lang='lat' dir='ltr'><strong>condita.</strong></span> <span class='ocrx_word' id='word_1_268' title='bbox 1528 1830 1586 1836; x_wconf 91' lang='lat'><strong>-—</strong></span> 
     </span>
     <span class='ocr_line' id='line_1_27' title="bbox 195 1875 1585 1924; baseline 0.001 -9"><span class='ocrx_word' id='word_1_269' title='bbox 195 1876 296 1915; x_wconf 89' lang='lat' dir='ltr'><strong>Huic</strong></span> <span class='ocrx_word' id='word_1_270' title='bbox 317 1877 405 1915; x_wconf 91' lang='lat' dir='ltr'><strong>usui</strong></span> <span class='ocrx_word' id='word_1_271' title='bbox 425 1875 607 1914; x_wconf 90' lang='lat' dir='ltr'><strong>finitimus</strong></span> <span class='ocrx_word' id='word_1_272' title='bbox 629 1881 688 1914; x_wconf 86' lang='lat' dir='ltr'><strong>est</strong></span> <span class='ocrx_word' id='word_1_273' title='bbox 714 1875 822 1924; x_wconf 89' lang='lat' dir='ltr'><strong>alter,</strong></span> <span class='ocrx_word' id='word_1_274' title='bbox 848 1887 934 1914; x_wconf 91' lang='lat' dir='ltr'><strong>cum</strong></span> <span class='ocrx_word' id='word_1_275' title='bbox 960 1887 1094 1916; x_wconf 90' lang='lat' dir='ltr'><strong>rursus</strong></span> <span class='ocrx_word' id='word_1_276' title='bbox 1118 1875 1269 1924; x_wconf 90' lang='lat' dir='ltr'><strong>proprie</strong></span> <span class='ocrx_word' id='word_1_277' title='bbox 1294 1875 1437 1914; x_wconf 90' lang='lat' dir='ltr'><strong>dicitur</strong></span> <span class='ocrx_word' id='word_1_278' title='bbox 1457 1879 1585 1916; x_wconf 82' lang='lat' dir='ltr'><strong>terna-</strong></span> 
     </span>
     <span class='ocr_line' id='line_1_28' title="bbox 195 1944 1586 1994; baseline -0.001 -11"><span class='ocrx_word' id='word_1_279' title='bbox 195 1945 275 1983; x_wconf 91' lang='lat' dir='ltr'><strong>rius</strong></span> <span class='ocrx_word' id='word_1_280' title='bbox 304 1956 503 1988; x_wconf 90' lang='lat' dir='ltr'><strong>numerus,</strong></span> <span class='ocrx_word' id='word_1_281' title='bbox 526 1944 594 1983; x_wconf 91' lang='lat' dir='ltr'><strong>sed</strong></span> <span class='ocrx_word' id='word_1_282' title='bbox 623 1947 827 1994; x_wconf 87' lang='lat' dir='ltr'><strong>propterea</strong></span> <span class='ocrx_word' id='word_1_283' title='bbox 862 1945 963 1993; x_wconf 89' lang='lat' dir='ltr'><strong>quod</strong></span> <span class='ocrx_word' id='word_1_284' title='bbox 994 1956 1101 1983; x_wconf 86' lang='lat' dir='ltr'><strong>sacer</strong></span> <span class='ocrx_word' id='word_1_285' title='bbox 1131 1947 1190 1982; x_wconf 91' lang='lat' dir='ltr'><strong>est</strong></span> <span class='ocrx_word' id='word_1_286' title='bbox 1222 1955 1404 1983; x_wconf 89' lang='lat' dir='ltr'><strong>numerus</strong></span> <span class='ocrx_word' id='word_1_287' title='bbox 1424 1944 1463 1982; x_wconf 91' lang='lat' dir='ltr'><strong>iu</strong></span> <span class='ocrx_word' id='word_1_288' title='bbox 1493 1945 1586 1984; x_wconf 89' lang='lat' dir='ltr'><strong>reli-</strong></span> 
     </span>
     <span class='ocr_line' id='line_1_29' title="bbox 194 2012 385 2061; baseline -0.005 -10"><span class='ocrx_word' id='word_1_289' title='bbox 194 2012 385 2061; x_wconf 90' lang='lat' dir='ltr'><strong>gionibus:</strong></span> 
     </span>
    </p>

    <p class='ocr_par' dir='ltr' id='par_1_3' title="bbox 281 2079 1370 2130">
     <span class='ocr_line' id='line_1_30' title="bbox 281 2079 1370 2130; baseline 0.001 -12"><span class='ocrx_word' id='word_1_290' title='bbox 281 2080 351 2130; x_wconf 92' lang='lat'><strong>111,</strong></span> <span class='ocrx_word' id='word_1_291' title='bbox 379 2081 443 2129; x_wconf 89' lang='lat'><strong>10,</strong></span> <span class='ocrx_word' id='word_1_292' title='bbox 466 2082 505 2118; x_wconf 89' lang='lat'><strong>4.</strong></span> <span class='ocrx_word' id='word_1_293' title='bbox 527 2079 579 2119; x_wconf 88' lang='lat' dir='ltr'><strong>Et</strong></span> <span class='ocrx_word' id='word_1_294' title='bbox 600 2080 773 2119; x_wconf 85' lang='lat' dir='ltr'><strong>manibus</strong></span> <span class='ocrx_word' id='word_1_295' title='bbox 795 2079 940 2119; x_wconf 82' lang='lat' dir='ltr'><strong>faustos</strong></span> <span class='ocrx_word' id='word_1_296' title='bbox 961 2084 1022 2119; x_wconf 85' lang='lat' dir='ltr'><strong>ter</strong></span> <span class='ocrx_word' id='word_1_297' title='bbox 1043 2091 1223 2129; x_wconf 87' lang='lat' dir='ltr'><strong>crepuere</strong></span> <span class='ocrx_word' id='word_1_298' title='bbox 1243 2091 1370 2118; x_wconf 88' lang='lat' dir='ltr'><strong>sonos.</strong></span> 
     </span>
    </p>

    <p class='ocr_par' dir='ltr' id='par_1_4' title="bbox 196 2147 1587 2256">
     <span class='ocr_line' id='line_1_31' title="bbox 280 2147 1587 2199; baseline 0.001 -12"><span class='ocrx_word' id='word_1_299' title='bbox 280 2148 350 2197; x_wconf 91' lang='lat' dir='ltr'><strong>IV,</strong></span> <span class='ocrx_word' id='word_1_300' title='bbox 380 2150 422 2197; x_wconf 88' lang='lat'><strong>6,</strong></span> <span class='ocrx_word' id='word_1_301' title='bbox 451 2150 517 2187; x_wconf 85' lang='lat'><strong>30.</strong></span> <span class='ocrx_word' id='word_1_302' title='bbox 545 2159 639 2187; x_wconf 89' lang='lat' dir='ltr'><strong>nova</strong></span> <span class='ocrx_word' id='word_1_303' title='bbox 664 2147 814 2187; x_wconf 88' lang='lat' dir='ltr'><strong>flamma</strong></span> <span class='ocrx_word' id='word_1_304' title='bbox 842 2149 1059 2198; x_wconf 88' lang='lat' dir='ltr'><strong>(Apollinis)</strong></span> <span class='ocrx_word' id='word_1_305' title='bbox 1089 2148 1205 2188; x_wconf 85' lang='lat' dir='ltr'><strong>Luxit</strong></span> <span class='ocrx_word' id='word_1_306' title='bbox 1233 2149 1270 2186; x_wconf 93' lang='lat' dir='ltr'><strong>in</strong></span> <span class='ocrx_word' id='word_1_307' title='bbox 1301 2148 1491 2199; x_wconf 86' lang='lat' dir='ltr'><strong>obliquam</strong></span> <span class='ocrx_word' id='word_1_308' title='bbox 1528 2153 1587 2188; x_wconf 88' lang='lat' dir='ltr'><strong>ter</strong></span> 
     </span>
     <span class='ocr_line' id='line_1_32' title="bbox 196 2215 496 2256; baseline -0.007 0"><span class='ocrx_word' id='word_1_309' title='bbox 196 2217 345 2256; x_wconf 81' lang='lat' dir='ltr'><strong>sinuata</strong></span> <span class='ocrx_word' id='word_1_310' title='bbox 364 2215 496 2255; x_wconf 87' lang='lat' dir='ltr'><strong>facem.</strong></span> 
     </span>
    </p>

    <p class='ocr_par' dir='ltr' id='par_1_5' title="bbox 195 2283 1587 2473">
     <span class='ocr_line' id='line_1_33' title="bbox 282 2283 1391 2334; baseline 0.002 -11"><span class='ocrx_word' id='word_1_311' title='bbox 282 2284 340 2324; x_wconf 93' lang='lat' dir='ltr'><strong>Ib.</strong></span> <span class='ocrx_word' id='word_1_312' title='bbox 364 2286 404 2333; x_wconf 88' lang='grc'><strong>8,</strong></span> <span class='ocrx_word' id='word_1_313' title='bbox 426 2285 494 2323; x_wconf 90' lang='lat'><strong>86.</strong></span> <span class='ocrx_word' id='word_1_314' title='bbox 518 2284 670 2333; x_wconf 89' lang='lat' dir='ltr'><strong>Terque</strong></span> <span class='ocrx_word' id='word_1_315' title='bbox 689 2295 814 2324; x_wconf 91' lang='lat' dir='ltr'><strong>meum</strong></span> <span class='ocrx_word' id='word_1_316' title='bbox 835 2284 964 2334; x_wconf 86' lang='lat' dir='ltr'><strong>tetigit</strong></span> <span class='ocrx_word' id='word_1_317' title='bbox 984 2283 1137 2324; x_wconf 85' lang='lat' dir='ltr'><strong>sulfuris</strong></span> <span class='ocrx_word' id='word_1_318' title='bbox 1158 2284 1245 2334; x_wconf 86' lang='lat' dir='ltr'><strong>igne</strong></span> <span class='ocrx_word' id='word_1_319' title='bbox 1266 2289 1391 2334; x_wconf 86' lang='lat' dir='ltr'><strong>caput.</strong></span> 
     </span>
     <span class='ocr_line' id='line_1_34' title="bbox 195 2352 1585 2403; baseline 0 -12"><span class='ocrx_word' id='word_1_320' title='bbox 195 2354 239 2392; x_wconf 89' lang='lat' dir='ltr'><strong>Iu</strong></span> <span class='ocrx_word' id='word_1_321' title='bbox 261 2363 372 2403; x_wconf 91' lang='lat' dir='ltr'><strong>quem</strong></span> <span class='ocrx_word' id='word_1_322' title='bbox 392 2363 591 2391; x_wconf 88' lang='lat' dir='ltr'><strong>numerum</strong></span> <span class='ocrx_word' id='word_1_323' title='bbox 611 2352 807 2391; x_wconf 91' lang='lat' dir='ltr'><strong>retulerim</strong></span> <span class='ocrx_word' id='word_1_324' title='bbox 829 2353 941 2391; x_wconf 84' lang='lat' dir='ltr'><strong>etiam</strong></span> <span class='ocrx_word' id='word_1_325' title='bbox 962 2353 1033 2402; x_wconf 95' lang='grc' dir='ltr'>ΙΙΙ,</span> <span class='ocrx_word' id='word_1_326' title='bbox 1055 2355 1090 2401; x_wconf 93' lang='lat' dir='ltr'><strong>l,</strong></span> <span class='ocrx_word' id='word_1_327' title='bbox 1120 2354 1186 2391; x_wconf 87' lang='lat'><strong>28.</strong></span> <span class='ocrx_word' id='word_1_328' title='bbox 1207 2352 1377 2392; x_wconf 87' lang='lat' dir='ltr'><strong>Hectora</strong></span> <span class='ocrx_word' id='word_1_329' title='bbox 1397 2364 1464 2402; x_wconf 91' lang='lat' dir='ltr'><strong>per</strong></span> <span class='ocrx_word' id='word_1_330' title='bbox 1484 2363 1585 2392; x_wconf 82' lang='lat' dir='ltr'><strong>cam-</strong></span> 
     </span>
     <span class='ocr_line' id='line_1_35' title="bbox 196 2421 1587 2473; baseline 0.001 -12"><span class='ocrx_word' id='word_1_331' title='bbox 196 2422 267 2471; x_wconf 81' lang='lat' dir='ltr'><strong>pos</strong></span> <span class='ocrx_word' id='word_1_332' title='bbox 287 2425 347 2461; x_wconf 89' lang='lat' dir='ltr'><strong>ter</strong></span> <span class='ocrx_word' id='word_1_333' title='bbox 371 2421 580 2461; x_wconf 84' lang='lat' dir='ltr'><strong>maculasse</strong></span> <span class='ocrx_word' id='word_1_334' title='bbox 606 2424 710 2460; x_wconf 85' lang='lat' dir='ltr'><strong>rotas</strong></span> <span class='ocrx_word' id='word_1_335' title='bbox 731 2444 786 2450; x_wconf 93' lang='lat'><strong>—-</strong></span> <span class='ocrx_word' id='word_1_336' title='bbox 803 2422 835 2461; x_wconf 92' lang='lat' dir='ltr'><strong>si</strong></span> <span class='ocrx_word' id='word_1_337' title='bbox 854 2421 1007 2471; x_wconf 87' lang='lat' dir='ltr'><strong>quidem</strong></span> <span class='ocrx_word' id='word_1_338' title='bbox 1028 2433 1073 2461; x_wconf 92' lang='lat' dir='ltr'><strong>ea</strong></span> <span class='ocrx_word' id='word_1_339' title='bbox 1093 2433 1136 2461; x_wconf 90' lang='lat' dir='ltr'><strong>re</strong></span> <span class='ocrx_word' id='word_1_340' title='bbox 1161 2424 1352 2473; x_wconf 84' lang='lat' dir='ltr'><strong>tamquam</strong></span> <span class='ocrx_word' id='word_1_341' title='bbox 1377 2422 1587 2472; x_wconf 77' lang='lat' dir='ltr'><strong>parentalia</strong></span> 
     </span>
    </p>
   </div>
  </div>
 </body>
</html>
