1862 2676
735 65 961 116 -734

394 190 472 239 Ipsi
492 191 645 231 cernitis
665 192 856 232 ecfututus
877 198 920 232 ut
940 194 1015 238 sim

393 258 671 310 Confectusque
691 272 894 310 macerque
913 260 1152 310 pallidusque
1176 281 1226 288 —

261 351 264 352 ν
329 360 339 364 ,
390 326 544 372 Defecit
563 327 663 382 latus
683 334 722 368 et
742 329 992 377 periculosam

394 393 489 432 Cum
511 396 604 433 tussi
626 397 741 434 miser
759 407 900 444 exspuo
923 395 1088 434 salivam.

162 516 215 553 At
236 526 358 564 neque
379 516 483 563 alibi,
512 518 609 565 quod
631 517 806 566 sciamus,
831 521 1068 555 mortuorum
1091 526 1292 565 corporum
1319 515 1458 554 macies
1479 514 1544 553 de-

165 583 280 621 scribi
297 583 404 631 solet,
428 595 548 632 neque
572 585 634 623 hic
655 585 840 623 attinebat
866 584 1069 634 quidquam
1094 588 1267 622 mortuae
1291 583 1460 622 habitum
1487 583 1552 621 ad-

163 650 353 699 umbrare,
390 663 474 690 cum
499 652 581 702 ipsa
608 663 711 691 mors
738 653 831 691 satis
857 658 957 692 esset
983 657 1071 692 ante
1092 653 1222 691 oculos
1244 651 1379 700 posita.
1409 650 1553 690 Contra

159 715 321 757 *nihil‘fit
340 719 572 768 frequentius
593 732 705 770 quam
726 727 781 770 ut,
809 722 840 759 si
862 722 968 760 cuius
994 721 1112 759 verba
1137 720 1361 767 afferuntur,
1389 720 1468 757 sive
1487 731 1547 758 se-

164 786 295 835 quitur
317 787 395 826 sive
416 789 608 828 antecedit
639 782 774 838 oratio,
802 788 922 827 forma
942 790 1131 837 loquentis
1152 792 1191 827 et
1211 788 1357 837 species
1378 787 1552 836 corporis

164 860 487 894 commemoretur.
520 856 629 904 Quod
651 858 683 895 si
709 857 807 904 apud
839 858 960 904 ipsum
981 857 1223 905 Propertium
1254 856 1379 894 rarius
1403 855 1550 903 reperi-

163 934 258 972 mus,
279 923 419 979 idcirco
440 925 577 962 mirum
598 936 672 962 non
698 929 768 972 est,
795 925 884 973 quia
903 925 937 962 is
963 924 1161 972 loquentes
1182 935 1272 962 raro
1294 923 1450 962 inducit.
1477 922 1552 962 Sed

163 993 291 1027 tamen
317 991 349 1028 is
370 992 521 1039 quoque
548 991 614 1040 IV,
639 993 676 1029 7.
699 992 764 1039 in.‚
796 993 1016 1040 priusquam
1045 992 1254 1030 orationem
1278 990 1466 1039 Cynthiae
1491 1002 1551 1029 re—

164 1055 252 1105 fert,
275 1057 397 1105 qualis
419 1069 463 1096 ea
483 1057 598 1097 fuerit
620 1059 805 1107 exponit:'
1190 1052 1197 1062 '

254 1178 292 1215 7.
337 1177 499 1216 Eosdem
514 1178 647 1216 habuit
663 1189 804 1226 secum,
827 1177 964 1226 quibus
980 1181 1038 1216 est
1054 1177 1153 1216 elata
1167 1178 1324 1227 capillos

395 1246 558 1285 Eosdem
581 1246 733 1285 oculos:
755 1246 866 1286 lateri
887 1246 1003 1285 vestis
1025 1246 1163 1285 adusta
1183 1246 1267 1295 fuit,
1329 1260 1471 1275 ψ
1487 1260 1510 1264 ·

339 1315 389 1352 Et
409 1315 560 1353 solitum
581 1315 699 1364 digito
720 1315 891 1363 beryllon
912 1315 1096 1353 adederat
1115 1315 1229 1364 ignis,

397 1382 624 1431 Summaque
645 1383 837 1422 Lethaeus
858 1383 1019 1442 triyerat
1039 1394 1105 1421 ora
1127 1384 1264 1432 liquor.

341 1450 602 1499 spirantisque
622 1451 765 1489 animos
787 1456 826 1489 et
844 1462 973 1489 vocem
995 1451 1120 1489 misit:
1143 1456 1183 1490 at
1203 1451 1258 1489 illi

399 1518 608 1558 Pollicibus
629 1518 782 1568 fragiles
801 1519 1025 1568 increpuere
1045 1530 1190 1558 manus.
1213 1541 1269 1548 -—-

166 1652 205 1688 et
223 1649 293 1699 III,
319 1651 355 1699 3,
382 1651 446 1689 13.
469 1661 499 1689 S.
522 1648 618 1689 Cum
645 1661 724 1698 me,
751 1649 890 1699 inquit,
925 1648 1091 1688 Castalia
1117 1650 1318 1698 speculans
1345 1663 1392 1689 ex
1417 1652 1555 1692 arbore

1205 1717 1384 1757 Phoebus

584 1785 649 1824 Sic
670 1786 735 1834 ait,
757 1790 889 1824 aurata
911 1785 1021 1823 nixus
1041 1785 1090 1824 ad
1111 1789 1220 1824 antra
1240 1784 1335 1834 lyra.

261 1912 300 1945 et
320 1907 350 1955 Ι,
377 1908 414 1956 3,
439 1908 505 1946 34.
529 1905 731 1956 Cynthiam
752 1908 968 1956 loquentem
989 1907 1042 1945 sic
1063 1906 1221 1945 inducit.

586 1975 649 2014 Sic
669 1976 734 2026 ait,
757 1976 795 2014 in
815 1976 917 2015 molli
939 1976 1026 2013 nixa
1047 1979 1131 2014 toro
1153 1975 1335 2015 cubitum.

171 2098 267 2137 Item
289 2097 458 2136 Catullus
477 2097 595 2136 XLV.
619 2100 658 2136 et
679 2096 852 2146 Septimii
872 2101 911 2136 et
926 2097 1044 2136 Actes
1065 2097 1236 2136 habitum
1258 2097 1447 2147 describit,
1470 2110 1555 2137 cum

171 2294 288 2323 macies.
308 2294 413 2323 Horat.
435 2294 529 2331 Epod.
551 2295 633 2332 VIII,
652 2296 678 2324 5.
713 2311 751 2317 —
771 2295 850 2325 imer
874 2294 975 2324 aridas
999 2297 1086 2324 nates
1101 2311 1137 2316 —-
1154 2296 1181 2324 9.
1202 2293 1298 2324 femur
1317 2294 1408 2324 exile.
1428 2295 1552 2324 Authol.

171 2343 235 2372 Lat.
257 2342 387 2380 (Meieri)
408 2344 491 2372 1667.
518 2343 609 2372 Cuius
633 2344 751 2373 viscera
776 2350 836 2372 non
861 2347 969 2380 aperta
988 2343 1102 2372 Tuscus
1118 2343 1176 2372 Per
1197 2342 1307 2378 pellem
1324 2343 1433 2380 poterit
1453 2342 1555 2372 videre

170 2392 329 2428 haruspex.
346 2391 479 2420 Martial.
496 2392 550 2429 ΙΙΙ,
571 2394 618 2422 93.
639 2392 712 2422 Cum
727 2392 781 2422 tibi
802 2392 930 2422 trecenti
951 2392 1104 2430 consules,
1125 2391 1291 2421 Vetustilla
1306 2408 1343 2414 —
1358 2392 1463 2421 Pectus
1478 2392 1557 2421 cica-

169 2440 225 2470 dae
237 2440 462 2476 crusculumque
477 2438 626 2471 formicae.
