<?xml version="1.0" encoding="UTF-8"?>
<!DOCTYPE html PUBLIC "-//W3C//DTD XHTML 1.0 Transitional//EN"
    "http://www.w3.org/TR/xhtml1/DTD/xhtml1-transitional.dtd">
<html xmlns="http://www.w3.org/1999/xhtml" xml:lang="en" lang="en">
 <head>
  <title>
</title>
<meta http-equiv="Content-Type" content="text/html;charset=utf-8" />
  <meta name='ocr-system' content='tesseract 3.04.00' />
  <meta name='ocr-capabilities' content='ocr_page ocr_carea ocr_par ocr_line ocrx_word'/>
</head>
<body>
  <div class='ocr_page' id='page_1' title='image "4737380_0109.png"; bbox 0 0 1862 2676; ppageno 0'>
   <div class='ocr_carea' id='block_1_1' title="bbox 136 80 945 242">
    <p class='ocr_par' dir='ltr' id='par_1_1' title="bbox 136 80 945 242">
     <span class='ocr_line' id='line_1_1' title="bbox 714 80 945 116; baseline 0.004 -10"><span class='ocrx_word' id='word_1_1' title='bbox 714 100 771 106; x_wconf 77' lang='grc'><strong>-</strong></span> <span class='ocrx_word' id='word_1_2' title='bbox 804 80 855 116; x_wconf 83' lang='grc'><strong>99</strong></span> <span class='ocrx_word' id='word_1_3' title='bbox 888 100 945 107; x_wconf 72' lang='lat'><strong>..-</strong></span> 
     </span>
     <span class='ocr_line' id='line_1_2' title="bbox 136 195 452 242; baseline -0.003 -10"><span class='ocrx_word' id='word_1_4' title='bbox 136 197 221 242; x_wconf 85' lang='lat' dir='ltr'><strong>post</strong></span> <span class='ocrx_word' id='word_1_5' title='bbox 242 204 392 231; x_wconf 88' lang='lat' dir='ltr'><strong>versum</strong></span> <span class='ocrx_word' id='word_1_6' title='bbox 415 195 452 231; x_wconf 88' lang='lat'><strong>2.</strong></span> 
     </span>
    </p>
   </div>
   <div class='ocr_carea' id='block_1_2' title="bbox 368 309 1276 401">
    <p class='ocr_par' dir='ltr' id='par_1_2' title="bbox 368 309 1276 401">
     <span class='ocr_line' id='line_1_3' title="bbox 368 309 1276 358; baseline 0 -11"><span class='ocrx_word' id='word_1_7' title='bbox 368 309 460 347; x_wconf 85' lang='lat' dir='ltr'><strong>Cum</strong></span> <span class='ocrx_word' id='word_1_8' title='bbox 482 309 631 348; x_wconf 89' lang='lat' dir='ltr'><strong>vicina</strong></span> <span class='ocrx_word' id='word_1_9' title='bbox 649 309 756 347; x_wconf 89' lang='lat' dir='ltr'><strong>novis</strong></span> <span class='ocrx_word' id='word_1_10' title='bbox 775 309 889 347; x_wconf 87' lang='lat' dir='ltr'><strong>turba</strong></span> <span class='ocrx_word' id='word_1_11' title='bbox 908 309 1082 347; x_wconf 79' lang='lat' dir='ltr'><strong>cucurrit</strong></span> <span class='ocrx_word' id='word_1_12' title='bbox 1100 310 1201 358; x_wconf 86' lang='lat' dir='ltr'><strong>agris</strong></span> <span class='ocrx_word' id='word_1_13' title='bbox 1225 332 1276 338; x_wconf 97' lang='lat'><strong>—</strong></span> 
     </span>
     <span class='ocr_line' id='line_1_4' title="bbox 1170 382 1187 401; baseline 0 0"><span class='ocrx_word' id='word_1_14' title='bbox 1170 382 1187 401; x_wconf 67' lang='lat'><strong>⁴0</strong></span> 
     </span>
    </p>
   </div>
   <div class='ocr_carea' id='block_1_3' title="bbox 135 425 1525 1493">
    <p class='ocr_par' dir='ltr' id='par_1_3' title="bbox 135 425 1525 1493">
     <span class='ocr_line' id='line_1_5' title="bbox 137 425 1522 474; baseline 0.002 -11"><span class='ocrx_word' id='word_1_15' title='bbox 137 426 351 474; x_wconf 83' lang='lat' dir='ltr'>transponit</span> <span class='ocrx_word' id='word_1_16' title='bbox 370 425 516 463; x_wconf 90' lang='lat' dir='ltr'><strong>duabus</strong></span> <span class='ocrx_word' id='word_1_17' title='bbox 539 425 673 463; x_wconf 90' lang='lat' dir='ltr'><strong>ductus</strong></span> <span class='ocrx_word' id='word_1_18' title='bbox 694 425 919 472; x_wconf 90' lang='lat' dir='ltr'><strong>rationibus,</strong></span> <span class='ocrx_word' id='word_1_19' title='bbox 947 425 1111 473; x_wconf 89' lang='lat' dir='ltr'><strong>primum</strong></span> <span class='ocrx_word' id='word_1_20' title='bbox 1136 426 1235 473; x_wconf 87' lang='lat' dir='ltr'><strong>quod</strong></span> <span class='ocrx_word' id='word_1_21' title='bbox 1255 426 1330 464; x_wconf 91' lang='lat' dir='ltr'><strong>illis</strong></span> <span class='ocrx_word' id='word_1_22' title='bbox 1350 426 1522 466; x_wconf 86' lang='lat' dir='ltr'><strong>versibus</strong></span> 
     </span>
     <span class='ocr_line' id='line_1_6' title="bbox 137 491 1521 544; baseline 0.002 -14"><span class='ocrx_word' id='word_1_23' title='bbox 137 504 259 541; x_wconf 90' lang='lat' dir='ltr'><strong>neque</strong></span> <span class='ocrx_word' id='word_1_24' title='bbox 289 493 523 541; x_wconf 89' lang='lat' dir='ltr'><strong>impudentia</strong></span> <span class='ocrx_word' id='word_1_25' title='bbox 553 491 740 541; x_wconf 83' lang='lat' dir='ltr'><strong>Cynthiae</strong></span> <span class='ocrx_word' id='word_1_26' title='bbox 776 503 844 530; x_wconf 90' lang='lat' dir='ltr'><strong>nec</strong></span> <span class='ocrx_word' id='word_1_27' title='bbox 879 495 1029 540; x_wconf 86' lang='lat' dir='ltr'><strong>tempus</strong></span> <span class='ocrx_word' id='word_1_28' title='bbox 1065 494 1277 531; x_wconf 80' lang='lat' dir='ltr'><strong>accuratius</strong></span> <span class='ocrx_word' id='word_1_29' title='bbox 1308 494 1521 544; x_wconf 90' lang='lat' dir='ltr'><strong>definiatur,</strong></span> 
     </span>
     <span class='ocr_line' id='line_1_7' title="bbox 140 559 1523 609; baseline 0.003 -11"><span class='ocrx_word' id='word_1_30' title='bbox 140 560 213 598; x_wconf 88' lang='lat' dir='ltr'><strong>etsi</strong></span> <span class='ocrx_word' id='word_1_31' title='bbox 244 570 338 598; x_wconf 91' lang='lat' dir='ltr'><strong>cum</strong></span> <span class='ocrx_word' id='word_1_32' title='bbox 369 560 558 608; x_wconf 89' lang='lat' dir='ltr'><strong>particula</strong></span> <span class='ocrx_word' id='word_1_33' title='bbox 589 560 752 599; x_wconf 90' lang='lat' dir='ltr'><strong>alterum</strong></span> <span class='ocrx_word' id='word_1_34' title='bbox 780 563 910 598; x_wconf 90' lang='lat' dir='ltr'><strong>utrum</strong></span> <span class='ocrx_word' id='word_1_35' title='bbox 940 559 1087 598; x_wconf 90' lang='lat' dir='ltr'><strong>definiri</strong></span> <span class='ocrx_word' id='word_1_36' title='bbox 1118 561 1168 599; x_wconf 90' lang='lat' dir='ltr'><strong>sit</strong></span> <span class='ocrx_word' id='word_1_37' title='bbox 1197 561 1355 609; x_wconf 81' lang='lat' dir='ltr'><strong>indici03</strong></span> <span class='ocrx_word' id='word_1_38' title='bbox 1388 563 1523 602; x_wconf 89' lang='lat' dir='ltr'><strong>deinde</strong></span> 
     </span>
     <span class='ocr_line' id='line_1_8' title="bbox 137 627 1523 682; baseline 0.003 -16"><span class='ocrx_word' id='word_1_39' title='bbox 137 627 238 677; x_wconf 85' lang='lat' dir='ltr'><strong>quod</strong></span> <span class='ocrx_word' id='word_1_40' title='bbox 258 628 297 666; x_wconf 92' lang='lat' dir='ltr'><strong>in</strong></span> <span class='ocrx_word' id='word_1_41' title='bbox 317 628 437 667; x_wconf 78' lang='lat' dir='ltr'><strong>altero</strong></span> <span class='ocrx_word' id='word_1_42' title='bbox 459 639 572 668; x_wconf 88' lang='lat' dir='ltr'><strong>versu</strong></span> <span class='ocrx_word' id='word_1_43' title='bbox 593 628 742 682; x_wconf 82' lang='lat' dir='ltr'><strong>vicina</strong></span> <span class='ocrx_word' id='word_1_44' title='bbox 763 628 1052 677; x_wconf 82' lang='lat' dir='ltr'><strong>explicationem</strong></span> <span class='ocrx_word' id='word_1_45' title='bbox 1073 640 1149 667; x_wconf 88' lang='lat' dir='ltr'><strong>non</strong></span> <span class='ocrx_word' id='word_1_46' title='bbox 1169 629 1319 680; x_wconf 87' lang='lat' dir='ltr'><strong>habeat,</strong></span> <span class='ocrx_word' id='word_1_47' title='bbox 1341 630 1414 669; x_wconf 91' lang='lat' dir='ltr'><strong>nisi</strong></span> <span class='ocrx_word' id='word_1_48' title='bbox 1434 643 1523 670; x_wconf 90' lang='lat' dir='ltr'><strong>mox</strong></span> 
     </span>
     <span class='ocr_line' id='line_1_9' title="bbox 137 697 1523 739; baseline 0.002 -3"><span class='ocrx_word' id='word_1_49' title='bbox 137 697 318 736; x_wconf 88' lang='lat' dir='ltr'><strong>tabernae</strong></span> <span class='ocrx_word' id='word_1_50' title='bbox 338 697 405 736; x_wconf 88' lang='lat' dir='ltr'><strong>fiat</strong></span> <span class='ocrx_word' id='word_1_51' title='bbox 424 699 576 736; x_wconf 88' lang='lat' dir='ltr'><strong>mentio.</strong></span> <span class='ocrx_word' id='word_1_52' title='bbox 610 698 736 736; x_wconf 84' lang='lat' dir='ltr'><strong>Aliter</strong></span> <span class='ocrx_word' id='word_1_53' title='bbox 756 698 855 737; x_wconf 90' lang='lat' dir='ltr'><strong>enim</strong></span> <span class='ocrx_word' id='word_1_54' title='bbox 882 699 953 736; x_wconf 90' lang='lat' dir='ltr'><strong>hoc</strong></span> <span class='ocrx_word' id='word_1_55' title='bbox 977 697 1061 736; x_wconf 88' lang='lat' dir='ltr'><strong>fore</strong></span> <span class='ocrx_word' id='word_1_56' title='bbox 1087 702 1130 736; x_wconf 91' lang='lat' dir='ltr'><strong>ut</strong></span> <span class='ocrx_word' id='word_1_57' title='bbox 1155 698 1324 737; x_wconf 88' lang='lat' dir='ltr'><strong>dicatur:</strong></span> <span class='ocrx_word' id='word_1_58' title='bbox 1351 712 1427 738; x_wconf 91' lang='lat' dir='ltr'><strong>non</strong></span> <span class='ocrx_word' id='word_1_59' title='bbox 1449 701 1523 739; x_wconf 89' lang='lat' dir='ltr'><strong>Es-</strong></span> 
     </span>
     <span class='ocr_line' id='line_1_10' title="bbox 137 766 1524 818; baseline 0.002 -14"><span class='ocrx_word' id='word_1_60' title='bbox 137 766 270 815; x_wconf 90' lang='lat' dir='ltr'><strong>quilini</strong></span> <span class='ocrx_word' id='word_1_61' title='bbox 290 766 428 805; x_wconf 89' lang='lat' dir='ltr'><strong>montis</strong></span> <span class='ocrx_word' id='word_1_62' title='bbox 449 766 631 816; x_wconf 86' lang='lat' dir='ltr'><strong>homines,</strong></span> <span class='ocrx_word' id='word_1_63' title='bbox 653 766 720 805; x_wconf 90' lang='lat' dir='ltr'><strong>sed</strong></span> <span class='ocrx_word' id='word_1_64' title='bbox 741 766 910 805; x_wconf 85' lang='lat' dir='ltr'><strong>vicorum</strong></span> <span class='ocrx_word' id='word_1_65' title='bbox 932 766 966 804; x_wconf 93' lang='lat' dir='ltr'><strong>ei</strong></span> <span class='ocrx_word' id='word_1_66' title='bbox 987 766 1195 805; x_wconf 89' lang='lat' dir='ltr'><strong>vicinorum</strong></span> <span class='ocrx_word' id='word_1_67' title='bbox 1215 767 1264 805; x_wconf 90' lang='lat' dir='ltr'><strong>ad</strong></span> <span class='ocrx_word' id='word_1_68' title='bbox 1286 768 1408 806; x_wconf 80' lang='lat' dir='ltr'><strong>rixam</strong></span> <span class='ocrx_word' id='word_1_69' title='bbox 1429 780 1524 818; x_wconf 89' lang='lat' dir='ltr'><strong>quae</strong></span> 
     </span>
     <span class='ocr_line' id='line_1_11' title="bbox 136 835 1525 885; baseline 0.002 -12"><span class='ocrx_word' id='word_1_70' title='bbox 136 838 316 873; x_wconf 78' lang='lat' dir='ltr'><strong>narratur</strong></span> <span class='ocrx_word' id='word_1_71' title='bbox 344 835 569 873; x_wconf 89' lang='lat' dir='ltr'><strong>accurrisse.</strong></span> <span class='ocrx_word' id='word_1_72' title='bbox 593 856 648 862; x_wconf 91' lang='lat'><strong>——</strong></span> <span class='ocrx_word' id='word_1_73' title='bbox 670 835 725 873; x_wconf 91' lang='lat' dir='ltr'><strong>At</strong></span> <span class='ocrx_word' id='word_1_74' title='bbox 750 835 804 873; x_wconf 90' lang='lat' dir='ltr'><strong>sic</strong></span> <span class='ocrx_word' id='word_1_75' title='bbox 830 847 875 873; x_wconf 85' lang='lat' dir='ltr'><strong>ea</strong></span> <span class='ocrx_word' id='word_1_76' title='bbox 906 835 1020 873; x_wconf 89' lang='lat' dir='ltr'><strong>verba</strong></span> <span class='ocrx_word' id='word_1_77' title='bbox 1049 836 1277 883; x_wconf 85' lang='lat' dir='ltr'><strong>accipiamus</strong></span> <span class='ocrx_word' id='word_1_78' title='bbox 1307 837 1419 885; x_wconf 80' lang='lat' dir='ltr'><strong>plane</strong></span> <span class='ocrx_word' id='word_1_79' title='bbox 1451 849 1525 877; x_wconf 87' lang='lat' dir='ltr'><strong>nou</strong></span> 
     </span>
     <span class='ocr_line' id='line_1_12' title="bbox 136 902 1525 952; baseline 0.002 -12"><span class='ocrx_word' id='word_1_80' title='bbox 136 914 290 941; x_wconf 89' lang='lat' dir='ltr'><strong>necesse</strong></span> <span class='ocrx_word' id='word_1_81' title='bbox 311 906 381 941; x_wconf 88' lang='lat' dir='ltr'><strong>est.</strong></span> <span class='ocrx_word' id='word_1_82' title='bbox 404 902 589 941; x_wconf 85' lang='lat' dir='ltr'><strong>Vicinus</strong></span> <span class='ocrx_word' id='word_1_83' title='bbox 611 902 711 940; x_wconf 88' lang='lat' dir='ltr'><strong>enim</strong></span> <span class='ocrx_word' id='word_1_84' title='bbox 738 903 771 940; x_wconf 88' lang='lat' dir='ltr'><strong>si</strong></span> <span class='ocrx_word' id='word_1_85' title='bbox 796 902 937 940; x_wconf 87' lang='lat' dir='ltr'><strong>dicitur</strong></span> <span class='ocrx_word' id='word_1_86' title='bbox 962 913 1200 951; x_wconf 85' lang='lat' dir='ltr'><strong>nequaquam</strong></span> <span class='ocrx_word' id='word_1_87' title='bbox 1226 903 1366 952; x_wconf 89' lang='lat' dir='ltr'><strong>ubique</strong></span> <span class='ocrx_word' id='word_1_88' title='bbox 1393 904 1451 942; x_wconf 92' lang='lat' dir='ltr'><strong>cui</strong></span> <span class='ocrx_word' id='word_1_89' title='bbox 1473 905 1525 944; x_wconf 92' lang='lat' dir='ltr'><strong>sit</strong></span> 
     </span>
     <span class='ocr_line' id='line_1_13' title="bbox 136 969 1524 1019; baseline 0.004 -12"><span class='ocrx_word' id='word_1_90' title='bbox 136 971 282 1010; x_wconf 89' lang='lat' dir='ltr'><strong>vicinus</strong></span> <span class='ocrx_word' id='word_1_91' title='bbox 304 970 531 1017; x_wconf 81' lang='lat' dir='ltr'><strong>declaratur,</strong></span> <span class='ocrx_word' id='word_1_92' title='bbox 554 969 622 1007; x_wconf 93' lang='lat' dir='ltr'><strong>sed</strong></span> <span class='ocrx_word' id='word_1_93' title='bbox 643 973 709 1008; x_wconf 89' lang='lat' dir='ltr'><strong>aut</strong></span> <span class='ocrx_word' id='word_1_94' title='bbox 729 970 812 1008; x_wconf 90' lang='lat' dir='ltr'><strong>eius</strong></span> <span class='ocrx_word' id='word_1_95' title='bbox 839 970 886 1008; x_wconf 92' lang='lat' dir='ltr'><strong>de</strong></span> <span class='ocrx_word' id='word_1_96' title='bbox 912 981 986 1019; x_wconf 90' lang='lat' dir='ltr'><strong>quo</strong></span> <span class='ocrx_word' id='word_1_97' title='bbox 1014 970 1156 1008; x_wconf 88' lang='lat' dir='ltr'><strong>dicitur</strong></span> <span class='ocrx_word' id='word_1_98' title='bbox 1181 971 1327 1010; x_wconf 88' lang='lat' dir='ltr'><strong>vicinus</strong></span> <span class='ocrx_word' id='word_1_99' title='bbox 1352 975 1420 1011; x_wconf 88' lang='lat' dir='ltr'><strong>aut</strong></span> <span class='ocrx_word' id='word_1_100' title='bbox 1443 973 1524 1012; x_wconf 87' lang='lat' dir='ltr'><strong>eius</strong></span> 
     </span>
     <span class='ocr_line' id='line_1_14' title="bbox 136 1029 1522 1091; baseline 0.001 -13"><span class='ocrx_word' id='word_1_101' title='bbox 136 1040 200 1088; x_wconf 90' lang='lat' dir='ltr'><strong>qui</strong></span> <span class='ocrx_word' id='word_1_102' title='bbox 230 1038 398 1087; x_wconf 86' lang='lat' dir='ltr'><strong>loquitur</strong></span> <span class='ocrx_word' id='word_1_103' title='bbox 424 1029 663 1086; x_wconf 74' lang='lat' dir='ltr'><strong>accipiendus</strong></span> <span class='ocrx_word' id='word_1_104' title='bbox 689 1042 763 1086; x_wconf 89' lang='lat' dir='ltr'><strong>est;</strong></span> <span class='ocrx_word' id='word_1_105' title='bbox 794 1038 898 1077; x_wconf 89' lang='lat' dir='ltr'><strong>velut</strong></span> <span class='ocrx_word' id='word_1_106' title='bbox 922 1038 1016 1076; x_wconf 91' lang='lat' dir='ltr'><strong>illud</strong></span> <span class='ocrx_word' id='word_1_107' title='bbox 1043 1042 1103 1077; x_wconf 91' lang='lat' dir='ltr'><strong>est</strong></span> <span class='ocrx_word' id='word_1_108' title='bbox 1127 1039 1229 1087; x_wconf 91' lang='lat' dir='ltr'><strong>apud</strong></span> <span class='ocrx_word' id='word_1_109' title='bbox 1252 1039 1477 1082; x_wconf 72' lang='lat' dir='ltr'><strong>Phaedrum,</strong></span> <span class='ocrx_word' id='word_1_110' title='bbox 1492 1042 1522 1091; x_wconf 96' lang='lat' dir='ltr'><strong>I,</strong></span> 
     </span>
     <span class='ocr_line' id='line_1_15' title="bbox 138 1106 1524 1158; baseline 0.003 -13"><span class='ocrx_word' id='word_1_111' title='bbox 138 1109 176 1156; x_wconf 89' lang='lat'><strong>6,</strong></span> <span class='ocrx_word' id='word_1_112' title='bbox 194 1109 229 1145; x_wconf 89' lang='lat'><strong>1.</strong></span> <span class='ocrx_word' id='word_1_113' title='bbox 248 1129 303 1134; x_wconf 93' lang='lat'>—</span> <span class='ocrx_word' id='word_1_114' title='bbox 319 1106 432 1144; x_wconf 91' lang='lat' dir='ltr'><strong>Furis</strong></span> <span class='ocrx_word' id='word_1_115' title='bbox 455 1106 566 1144; x_wconf 89' lang='lat' dir='ltr'><strong>vicini</strong></span> <span class='ocrx_word' id='word_1_116' title='bbox 587 1106 758 1144; x_wconf 87' lang='lat' dir='ltr'><strong>celebres</strong></span> <span class='ocrx_word' id='word_1_117' title='bbox 778 1107 875 1144; x_wconf 89' lang='lat' dir='ltr'><strong>vidit</strong></span> <span class='ocrx_word' id='word_1_118' title='bbox 895 1107 1043 1155; x_wconf 86' lang='lat' dir='ltr'><strong>nuptias</strong></span> <span class='ocrx_word' id='word_1_119' title='bbox 1061 1109 1232 1155; x_wconf 89' lang='lat' dir='ltr'><strong>Aesopus</strong></span> <span class='ocrx_word' id='word_1_120' title='bbox 1244 1130 1315 1157; x_wconf 90' lang='lat'><strong>—,</strong></span> <span class='ocrx_word' id='word_1_121' title='bbox 1335 1109 1407 1148; x_wconf 93' lang='lat' dir='ltr'><strong>hoc</strong></span> <span class='ocrx_word' id='word_1_122' title='bbox 1422 1110 1524 1158; x_wconf 83' lang='lat' dir='ltr'><strong>apud</strong></span> 
     </span>
     <span class='ocr_line' id='line_1_16' title="bbox 135 1173 1523 1222; baseline 0.002 -9"><span class='ocrx_word' id='word_1_123' title='bbox 135 1174 348 1222; x_wconf 86' lang='lat' dir='ltr'><strong>Vergilium</strong></span> <span class='ocrx_word' id='word_1_124' title='bbox 368 1173 498 1221; x_wconf 88' lang='lat' dir='ltr'><strong>Eclog.</strong></span> <span class='ocrx_word' id='word_1_125' title='bbox 521 1173 591 1221; x_wconf 88' lang='grc' dir='ltr'>ΙΙΙ,</span> <span class='ocrx_word' id='word_1_126' title='bbox 616 1174 682 1211; x_wconf 88' lang='lat'><strong>53.</strong></span> <span class='ocrx_word' id='word_1_127' title='bbox 706 1195 762 1201; x_wconf 90' lang='lat'><strong>—-</strong></span> <span class='ocrx_word' id='word_1_128' title='bbox 781 1176 928 1212; x_wconf 86' lang='lat' dir='ltr'><strong>tantum</strong></span> <span class='ocrx_word' id='word_1_129' title='bbox 958 1174 1080 1213; x_wconf 90' lang='lat' dir='ltr'><strong>vicine</strong></span> <span class='ocrx_word' id='word_1_130' title='bbox 1110 1174 1314 1213; x_wconf 85' lang='lat' dir='ltr'><strong>Palaemon</strong></span> <span class='ocrx_word' id='word_1_131' title='bbox 1344 1176 1523 1216; x_wconf 87' lang='lat' dir='ltr'><strong>Sensibus</strong></span> 
     </span>
     <span class='ocr_line' id='line_1_17' title="bbox 135 1241 1524 1291; baseline 0.001 -10"><span class='ocrx_word' id='word_1_132' title='bbox 135 1243 227 1281; x_wconf 86' lang='lat' dir='ltr'><strong>haec</strong></span> <span class='ocrx_word' id='word_1_133' title='bbox 239 1242 459 1280; x_wconf 84' lang='lat' dir='ltr'><strong>imis—res</strong></span> <span class='ocrx_word' id='word_1_134' title='bbox 477 1245 537 1280; x_wconf 89' lang='lat' dir='ltr'><strong>est</strong></span> <span class='ocrx_word' id='word_1_135' title='bbox 552 1252 626 1279; x_wconf 91' lang='lat' dir='ltr'><strong>non</strong></span> <span class='ocrx_word' id='word_1_136' title='bbox 643 1252 1002 1291; x_wconf 85' lang='lat' dir='ltr'><strong>parva—repones.</strong></span> <span class='ocrx_word' id='word_1_137' title='bbox 1025 1241 1128 1290; x_wconf 87' lang='lat' dir='ltr'><strong>Ergo</strong></span> <span class='ocrx_word' id='word_1_138' title='bbox 1139 1242 1201 1281; x_wconf 91' lang='lat' dir='ltr'><strong>hic</strong></span> <span class='ocrx_word' id='word_1_139' title='bbox 1217 1253 1302 1281; x_wconf 92' lang='lat' dir='ltr'><strong>cum</strong></span> <span class='ocrx_word' id='word_1_140' title='bbox 1314 1243 1419 1282; x_wconf 91' lang='lat' dir='ltr'><strong>aliud</strong></span> <span class='ocrx_word' id='word_1_141' title='bbox 1430 1244 1524 1283; x_wconf 91' lang='lat' dir='ltr'><strong>nihil</strong></span> 
     </span>
     <span class='ocr_line' id='line_1_18' title="bbox 135 1307 1524 1359; baseline 0.002 -12"><span class='ocrx_word' id='word_1_142' title='bbox 135 1309 346 1359; x_wconf 89' lang='lat' dir='ltr'><strong>appelletur</strong></span> <span class='ocrx_word' id='word_1_143' title='bbox 368 1320 442 1357; x_wconf 92' lang='lat' dir='ltr'><strong>quo</strong></span> <span class='ocrx_word' id='word_1_144' title='bbox 462 1308 558 1346; x_wconf 90' lang='lat' dir='ltr'><strong>illud</strong></span> <span class='ocrx_word' id='word_1_145' title='bbox 579 1308 725 1347; x_wconf 88' lang='lat' dir='ltr'><strong>vicina</strong></span> <span class='ocrx_word' id='word_1_146' title='bbox 744 1307 946 1357; x_wconf 84' lang='lat' dir='ltr'><strong>referatur,</strong></span> <span class='ocrx_word' id='word_1_147' title='bbox 974 1309 1023 1347; x_wconf 89' lang='lat' dir='ltr'><strong>ad</strong></span> <span class='ocrx_word' id='word_1_148' title='bbox 1047 1309 1171 1358; x_wconf 89' lang='lat' dir='ltr'><strong>ipsum</strong></span> <span class='ocrx_word' id='word_1_149' title='bbox 1195 1309 1442 1359; x_wconf 90' lang='lat' dir='ltr'><strong>Propertium</strong></span> <span class='ocrx_word' id='word_1_150' title='bbox 1466 1322 1524 1350; x_wconf 89' lang='lat' dir='ltr'><strong>re-</strong></span> 
     </span>
     <span class='ocr_line' id='line_1_19' title="bbox 135 1377 1523 1427; baseline 0.002 -11"><span class='ocrx_word' id='word_1_151' title='bbox 135 1377 332 1417; x_wconf 88' lang='lat' dir='ltr'><strong>ferendum</strong></span> <span class='ocrx_word' id='word_1_152' title='bbox 353 1381 425 1426; x_wconf 88' lang='lat' dir='ltr'><strong>est,</strong></span> <span class='ocrx_word' id='word_1_153' title='bbox 449 1377 513 1425; x_wconf 93' lang='lat' dir='ltr'><strong>qui</strong></span> <span class='ocrx_word' id='word_1_154' title='bbox 534 1389 573 1416; x_wconf 89' lang='lat' dir='ltr'><strong>se</strong></span> <span class='ocrx_word' id='word_1_155' title='bbox 594 1377 633 1415; x_wconf 91' lang='lat' dir='ltr'><strong>in</strong></span> <span class='ocrx_word' id='word_1_156' title='bbox 654 1377 851 1425; x_wconf 90' lang='lat' dir='ltr'><strong>Esquilino</strong></span> <span class='ocrx_word' id='word_1_157' title='bbox 876 1382 1002 1416; x_wconf 88' lang='lat' dir='ltr'><strong>monte</strong></span> <span class='ocrx_word' id='word_1_158' title='bbox 1027 1378 1218 1416; x_wconf 88' lang='lat' dir='ltr'><strong>habitasse</strong></span> <span class='ocrx_word' id='word_1_159' title='bbox 1244 1382 1379 1427; x_wconf 90' lang='lat' dir='ltr'><strong>aperte</strong></span> <span class='ocrx_word' id='word_1_160' title='bbox 1403 1382 1523 1419; x_wconf 89' lang='lat' dir='ltr'><strong>testa-</strong></span> 
     </span>
     <span class='ocr_line' id='line_1_20' title="bbox 135 1445 499 1493; baseline -0.005 -9"><span class='ocrx_word' id='word_1_161' title='bbox 135 1450 199 1484; x_wconf 89' lang='lat' dir='ltr'><strong>tur</strong></span> <span class='ocrx_word' id='word_1_162' title='bbox 219 1445 287 1493; x_wconf 95' lang='lat' dir='ltr'><strong>III,</strong></span> <span class='ocrx_word' id='word_1_163' title='bbox 312 1447 378 1484; x_wconf 88' lang='lat'><strong>23.</strong></span> <span class='ocrx_word' id='word_1_164' title='bbox 402 1448 499 1483; x_wconf 85' lang='lat' dir='ltr'><strong>extr.</strong></span> 
     </span>
    </p>
   </div>
   <div class='ocr_carea' id='block_1_4' title="bbox 343 1561 1291 1609">
    <p class='ocr_par' dir='ltr' id='par_1_4' title="bbox 343 1561 1291 1609">
     <span class='ocr_line' id='line_1_21' title="bbox 343 1561 1291 1609; baseline 0.001 -10"><span class='ocrx_word' id='word_1_165' title='bbox 343 1561 396 1599; x_wconf 87' lang='lat' dir='ltr'><strong>Et</strong></span> <span class='ocrx_word' id='word_1_166' title='bbox 416 1561 604 1599; x_wconf 91' lang='lat' dir='ltr'><strong>dominum</strong></span> <span class='ocrx_word' id='word_1_167' title='bbox 626 1561 807 1609; x_wconf 88' lang='lat' dir='ltr'><strong>Esquiliis</strong></span> <span class='ocrx_word' id='word_1_168' title='bbox 829 1561 952 1599; x_wconf 85' lang='lat' dir='ltr'><strong>scribe</strong></span> <span class='ocrx_word' id='word_1_169' title='bbox 973 1562 1149 1600; x_wconf 86' lang='lat' dir='ltr'><strong>habitare</strong></span> <span class='ocrx_word' id='word_1_170' title='bbox 1170 1568 1291 1601; x_wconf 87' lang='lat' dir='ltr'><strong>tuum.</strong></span> 
     </span>
    </p>
   </div>
   <div class='ocr_carea' id='block_1_5' title="bbox 135 1677 1523 2476">
    <p class='ocr_par' dir='ltr' id='par_1_5' title="bbox 135 1677 1523 2476">
     <span class='ocr_line' id='line_1_22' title="bbox 138 1677 1521 1732; baseline 0.001 -14"><span class='ocrx_word' id='word_1_171' title='bbox 138 1680 271 1728; x_wconf 88' lang='lat' dir='ltr'><strong>Neque</strong></span> <span class='ocrx_word' id='word_1_172' title='bbox 292 1682 351 1716; x_wconf 90' lang='lat' dir='ltr'><strong>est</strong></span> <span class='ocrx_word' id='word_1_173' title='bbox 371 1678 574 1727; x_wconf 88' lang='lat' dir='ltr'><strong>quidquam</strong></span> <span class='ocrx_word' id='word_1_174' title='bbox 595 1689 662 1716; x_wconf 92' lang='lat' dir='ltr'><strong>cnr</strong></span> <span class='ocrx_word' id='word_1_175' title='bbox 682 1677 775 1716; x_wconf 91' lang='lat' dir='ltr'><strong>illud</strong></span> <span class='ocrx_word' id='word_1_176' title='bbox 796 1678 1007 1717; x_wconf 90' lang='lat' dir='ltr'><strong>convivium</strong></span> <span class='ocrx_word' id='word_1_177' title='bbox 1027 1691 1102 1717; x_wconf 90' lang='lat' dir='ltr'><strong>non</strong></span> <span class='ocrx_word' id='word_1_178' title='bbox 1122 1680 1159 1717; x_wconf 92' lang='lat' dir='ltr'><strong>in</strong></span> <span class='ocrx_word' id='word_1_179' title='bbox 1180 1679 1371 1728; x_wconf 90' lang='lat' dir='ltr'><strong>Propertii</strong></span> <span class='ocrx_word' id='word_1_180' title='bbox 1398 1681 1521 1732; x_wconf 92' lang='lat' dir='ltr'><strong>domo,</strong></span> 
     </span>
     <span class='ocr_line' id='line_1_23' title="bbox 138 1746 1522 1797; baseline 0.001 -11"><span class='ocrx_word' id='word_1_181' title='bbox 138 1748 205 1786; x_wconf 91' lang='lat' dir='ltr'><strong>sed</strong></span> <span class='ocrx_word' id='word_1_182' title='bbox 225 1747 264 1785; x_wconf 92' lang='lat' dir='ltr'><strong>in</strong></span> <span class='ocrx_word' id='word_1_183' title='bbox 285 1746 444 1785; x_wconf 90' lang='lat' dir='ltr'><strong>taberna</strong></span> <span class='ocrx_word' id='word_1_184' title='bbox 464 1747 681 1785; x_wconf 88' lang='lat' dir='ltr'><strong>institutum</strong></span> <span class='ocrx_word' id='word_1_185' title='bbox 706 1749 895 1795; x_wconf 85' lang='lat' dir='ltr'><strong>putemus.</strong></span> <span class='ocrx_word' id='word_1_186' title='bbox 933 1746 1051 1785; x_wconf 91' lang='lat' dir='ltr'><strong>Immo</strong></span> <span class='ocrx_word' id='word_1_187' title='bbox 1080 1747 1177 1797; x_wconf 89' lang='lat' dir='ltr'><strong>quod</strong></span> <span class='ocrx_word' id='word_1_188' title='bbox 1204 1747 1367 1797; x_wconf 88' lang='lat' dir='ltr'><strong>Cynthia</strong></span> <span class='ocrx_word' id='word_1_189' title='bbox 1391 1760 1522 1788; x_wconf 90' lang='lat' dir='ltr'><strong>recens</strong></span> 
     </span>
     <span class='ocr_line' id='line_1_24' title="bbox 136 1815 1520 1866; baseline 0 -11"><span class='ocrx_word' id='word_1_190' title='bbox 136 1829 158 1855; x_wconf 94' lang='lat' dir='ltr'><strong>a</strong></span> <span class='ocrx_word' id='word_1_191' title='bbox 188 1815 381 1854; x_wconf 85' lang='lat' dir='ltr'><strong>Lanuvino</strong></span> <span class='ocrx_word' id='word_1_192' title='bbox 412 1815 548 1853; x_wconf 90' lang='lat' dir='ltr'><strong>itinere</strong></span> <span class='ocrx_word' id='word_1_193' title='bbox 580 1827 623 1854; x_wconf 92' lang='lat' dir='ltr'><strong>eo</strong></span> <span class='ocrx_word' id='word_1_194' title='bbox 654 1815 850 1864; x_wconf 89' lang='lat' dir='ltr'><strong>irrumpit,</strong></span> <span class='ocrx_word' id='word_1_195' title='bbox 883 1815 981 1864; x_wconf 92' lang='lat' dir='ltr'><strong>quod</strong></span> <span class='ocrx_word' id='word_1_196' title='bbox 1011 1816 1226 1865; x_wconf 87' lang='lat' dir='ltr'><strong>Lygdamus</strong></span> <span class='ocrx_word' id='word_1_197' title='bbox 1257 1816 1382 1865; x_wconf 88' lang='lat' dir='ltr'><strong>adest,</strong></span> <span class='ocrx_word' id='word_1_198' title='bbox 1419 1817 1520 1866; x_wconf 88' lang='lat' dir='ltr'><strong>quod</strong></span> 
     </span>
     <span class='ocr_line' id='line_1_25' title="bbox 137 1882 1520 1932; baseline 0.001 -11"><span class='ocrx_word' id='word_1_199' title='bbox 137 1883 361 1922; x_wconf 89' lang='lat' dir='ltr'><strong>meretrices</strong></span> <span class='ocrx_word' id='word_1_200' title='bbox 381 1882 592 1931; x_wconf 85' lang='lat' dir='ltr'><strong>aufugiunt,</strong></span> <span class='ocrx_word' id='word_1_201' title='bbox 615 1883 842 1932; x_wconf 88' lang='lat' dir='ltr'><strong>Propertius</strong></span> <span class='ocrx_word' id='word_1_202' title='bbox 864 1894 950 1922; x_wconf 89' lang='lat' dir='ltr'><strong>cum</strong></span> <span class='ocrx_word' id='word_1_203' title='bbox 970 1882 1133 1932; x_wconf 90' lang='lat' dir='ltr'><strong>Cynthia</strong></span> <span class='ocrx_word' id='word_1_204' title='bbox 1158 1888 1336 1932; x_wconf 89' lang='lat' dir='ltr'><strong>remanet,</strong></span> <span class='ocrx_word' id='word_1_205' title='bbox 1364 1895 1408 1922; x_wconf 90' lang='lat' dir='ltr'><strong>ea</strong></span> <span class='ocrx_word' id='word_1_206' title='bbox 1428 1885 1520 1923; x_wconf 88' lang='lat' dir='ltr'><strong>toti-</strong></span> 
     </span>
     <span class='ocr_line' id='line_1_26' title="bbox 137 1950 1519 2000; baseline 0 -9"><span class='ocrx_word' id='word_1_207' title='bbox 137 1952 223 1991; x_wconf 88' lang='lat' dir='ltr'><strong>dem</strong></span> <span class='ocrx_word' id='word_1_208' title='bbox 245 1954 332 1990; x_wconf 89' lang='lat' dir='ltr'><strong>sunt</strong></span> <span class='ocrx_word' id='word_1_209' title='bbox 352 1950 579 1989; x_wconf 88' lang='lat' dir='ltr'><strong>documenta</strong></span> <span class='ocrx_word' id='word_1_210' title='bbox 599 1962 679 1989; x_wconf 88' lang='lat' dir='ltr'><strong>rem</strong></span> <span class='ocrx_word' id='word_1_211' title='bbox 702 1952 800 1999; x_wconf 89' lang='lat' dir='ltr'><strong>apud</strong></span> <span class='ocrx_word' id='word_1_212' title='bbox 821 1952 945 2000; x_wconf 91' lang='lat' dir='ltr'><strong>ipsum</strong></span> <span class='ocrx_word' id='word_1_213' title='bbox 966 1951 1067 1990; x_wconf 90' lang='lat' dir='ltr'><strong>domi</strong></span> <span class='ocrx_word' id='word_1_214' title='bbox 1092 1952 1164 2000; x_wconf 86' lang='lat' dir='ltr'><strong>agi.</strong></span> <span class='ocrx_word' id='word_1_215' title='bbox 1198 1950 1290 1999; x_wconf 81' lang='lat' dir='ltr'><strong>Quis</strong></span> <span class='ocrx_word' id='word_1_216' title='bbox 1311 1964 1403 1991; x_wconf 88' lang='lat' dir='ltr'><strong>vero</strong></span> <span class='ocrx_word' id='word_1_217' title='bbox 1425 1952 1519 1992; x_wconf 91' lang='lat' dir='ltr'><strong>illud</strong></span> 
     </span>
     <span class='ocr_line' id='line_1_27' title="bbox 138 2019 1522 2069; baseline 0 -10"><span class='ocrx_word' id='word_1_218' title='bbox 138 2019 331 2069; x_wconf 89' lang='lat' dir='ltr'><strong>concedet,</strong></span> <span class='ocrx_word' id='word_1_219' title='bbox 353 2031 428 2058; x_wconf 70' lang='lat' dir='ltr'><strong>vss</strong></span> <span class='ocrx_word' id='word_1_220' title='bbox 456 2021 519 2058; x_wconf 88' lang='lat'><strong>19.</strong></span> <span class='ocrx_word' id='word_1_221' title='bbox 543 2031 572 2058; x_wconf 90' lang='lat' dir='ltr'><strong>s.</strong></span> <span class='ocrx_word' id='word_1_222' title='bbox 595 2019 649 2058; x_wconf 90' lang='lat' dir='ltr'><strong>ita</strong></span> <span class='ocrx_word' id='word_1_223' title='bbox 670 2019 821 2057; x_wconf 89' lang='lat' dir='ltr'><strong>demum</strong></span> <span class='ocrx_word' id='word_1_224' title='bbox 847 2031 914 2059; x_wconf 91' lang='lat' dir='ltr'><strong>suo</strong></span> <span class='ocrx_word' id='word_1_225' title='bbox 939 2020 1023 2059; x_wconf 90' lang='lat' dir='ltr'><strong>loco</strong></span> <span class='ocrx_word' id='word_1_226' title='bbox 1049 2019 1130 2058; x_wconf 89' lang='lat' dir='ltr'><strong>fore</strong></span> <span class='ocrx_word' id='word_1_227' title='bbox 1156 2019 1371 2058; x_wconf 90' lang='lat' dir='ltr'><strong>retinendos</strong></span> <span class='ocrx_word' id='word_1_228' title='bbox 1397 2021 1430 2058; x_wconf 90' lang='lat' dir='ltr'><strong>si</strong></span> <span class='ocrx_word' id='word_1_229' title='bbox 1455 2024 1522 2059; x_wconf 87' lang='lat' dir='ltr'><strong>aut</strong></span> 
     </span>
     <span class='ocr_line' id='line_1_28' title="bbox 136 2087 1520 2136; baseline 0 -10"><span class='ocrx_word' id='word_1_230' title='bbox 136 2087 370 2136; x_wconf 85' lang='lat' dir='ltr'><strong>impudentia</strong></span> <span class='ocrx_word' id='word_1_231' title='bbox 391 2087 576 2136; x_wconf 88' lang='lat' dir='ltr'><strong>Cynthiae</strong></span> <span class='ocrx_word' id='word_1_232' title='bbox 598 2091 662 2126; x_wconf 87' lang='lat' dir='ltr'><strong>aut</strong></span> <span class='ocrx_word' id='word_1_233' title='bbox 684 2091 830 2136; x_wconf 86' lang='lat' dir='ltr'><strong>tempus</strong></span> <span class='ocrx_word' id='word_1_234' title='bbox 852 2088 954 2125; x_wconf 91' lang='lat' dir='ltr'><strong>illius</strong></span> <span class='ocrx_word' id='word_1_235' title='bbox 975 2088 1123 2125; x_wconf 89' lang='lat' dir='ltr'><strong>itineris</strong></span> <span class='ocrx_word' id='word_1_236' title='bbox 1148 2087 1360 2126; x_wconf 90' lang='lat' dir='ltr'><strong>accuratius</strong></span> <span class='ocrx_word' id='word_1_237' title='bbox 1387 2087 1520 2126; x_wconf 90' lang='lat' dir='ltr'><strong>defini-</strong></span> 
     </span>
     <span class='ocr_line' id='line_1_29' title="bbox 135 2154 1520 2204; baseline 0 -10"><span class='ocrx_word' id='word_1_238' title='bbox 135 2155 267 2194; x_wconf 81' lang='lat' dir='ltr'><strong>retur?</strong></span> <span class='ocrx_word' id='word_1_239' title='bbox 307 2154 365 2193; x_wconf 93' lang='lat' dir='ltr'><strong>De</strong></span> <span class='ocrx_word' id='word_1_240' title='bbox 391 2155 626 2204; x_wconf 88' lang='lat' dir='ltr'><strong>impudentia</strong></span> <span class='ocrx_word' id='word_1_241' title='bbox 650 2156 737 2192; x_wconf 85' lang='lat' dir='ltr'><strong>ante</strong></span> <span class='ocrx_word' id='word_1_242' title='bbox 766 2166 839 2192; x_wconf 93' lang='lat' dir='ltr'><strong>non</strong></span> <span class='ocrx_word' id='word_1_243' title='bbox 865 2154 1036 2193; x_wconf 89' lang='lat' dir='ltr'><strong>verbum:</strong></span> <span class='ocrx_word' id='word_1_244' title='bbox 1070 2154 1101 2192; x_wconf 91' lang='lat' dir='ltr'><strong>si</strong></span> <span class='ocrx_word' id='word_1_245' title='bbox 1127 2165 1222 2203; x_wconf 84' lang='lat' dir='ltr'><strong>quae</strong></span> <span class='ocrx_word' id='word_1_246' title='bbox 1248 2154 1296 2192; x_wconf 89' lang='lat' dir='ltr'><strong>ad</strong></span> <span class='ocrx_word' id='word_1_247' title='bbox 1317 2165 1399 2192; x_wconf 88' lang='lat' dir='ltr'><strong>eam</strong></span> <span class='ocrx_word' id='word_1_248' title='bbox 1420 2154 1520 2195; x_wconf 85' lang='lat' dir='ltr'><strong>refe-</strong></span> 
     </span>
     <span class='ocr_line' id='line_1_30' title="bbox 138 2221 1521 2271; baseline 0 -9"><span class='ocrx_word' id='word_1_249' title='bbox 138 2223 256 2262; x_wconf 88' lang='lat' dir='ltr'><strong>renda</strong></span> <span class='ocrx_word' id='word_1_250' title='bbox 287 2226 386 2271; x_wconf 89' lang='lat' dir='ltr'><strong>sunt,</strong></span> <span class='ocrx_word' id='word_1_251' title='bbox 420 2234 464 2261; x_wconf 85' lang='lat' dir='ltr'><strong>ea</strong></span> <span class='ocrx_word' id='word_1_252' title='bbox 496 2225 706 2271; x_wconf 89' lang='lat' dir='ltr'><strong>sequuntur</strong></span> <span class='ocrx_word' id='word_1_253' title='bbox 736 2223 870 2270; x_wconf 87' lang='lat' dir='ltr'><strong>omnia,</strong></span> <span class='ocrx_word' id='word_1_254' title='bbox 901 2225 943 2260; x_wconf 92' lang='lat' dir='ltr'><strong>ut</strong></span> <span class='ocrx_word' id='word_1_255' title='bbox 975 2233 1044 2259; x_wconf 92' lang='lat' dir='ltr'><strong>cur</strong></span> <span class='ocrx_word' id='word_1_256' title='bbox 1073 2222 1134 2259; x_wconf 89' lang='lat' dir='ltr'><strong>hic</strong></span> <span class='ocrx_word' id='word_1_257' title='bbox 1165 2221 1369 2271; x_wconf 86' lang='lat' dir='ltr'><strong>quidquam</strong></span> <span class='ocrx_word' id='word_1_258' title='bbox 1401 2223 1447 2261; x_wconf 90' lang='lat' dir='ltr'><strong>de</strong></span> <span class='ocrx_word' id='word_1_259' title='bbox 1477 2235 1521 2262; x_wconf 87' lang='lat' dir='ltr'><strong>ea</strong></span> 
     </span>
     <span class='ocr_line' id='line_1_31' title="bbox 139 2290 1520 2341; baseline -0.001 -10"><span class='ocrx_word' id='word_1_260' title='bbox 139 2294 335 2341; x_wconf 84' lang='lat' dir='ltr'><strong>exspectes</strong></span> <span class='ocrx_word' id='word_1_261' title='bbox 365 2303 411 2329; x_wconf 92' lang='lat' dir='ltr'><strong>ne</strong></span> <span class='ocrx_word' id='word_1_262' title='bbox 442 2292 661 2330; x_wconf 87' lang='lat' dir='ltr'><strong>coniectura</strong></span> <span class='ocrx_word' id='word_1_263' title='bbox 686 2290 836 2340; x_wconf 89' lang='lat' dir='ltr'><strong>quidem</strong></span> <span class='ocrx_word' id='word_1_264' title='bbox 860 2290 1010 2339; x_wconf 86' lang='lat' dir='ltr'><strong>assequi</strong></span> <span class='ocrx_word' id='word_1_265' title='bbox 1034 2290 1159 2329; x_wconf 90' lang='lat' dir='ltr'><strong>liceat.</strong></span> <span class='ocrx_word' id='word_1_266' title='bbox 1202 2290 1365 2339; x_wconf 90' lang='lat' dir='ltr'><strong>Tempus</strong></span> <span class='ocrx_word' id='word_1_267' title='bbox 1394 2294 1520 2330; x_wconf 84' lang='lat' dir='ltr'><strong>autem</strong></span> 
     </span>
     <span class='ocr_line' id='line_1_32' title="bbox 139 2357 1520 2409; baseline 0 -12"><span class='ocrx_word' id='word_1_268' title='bbox 139 2371 185 2398; x_wconf 91' lang='lat' dir='ltr'><strong>ne</strong></span> <span class='ocrx_word' id='word_1_269' title='bbox 205 2359 405 2409; x_wconf 85' lang='lat' dir='ltr'><strong>temporali</strong></span> <span class='ocrx_word' id='word_1_270' title='bbox 425 2370 518 2397; x_wconf 93' lang='lat' dir='ltr'><strong>cum</strong></span> <span class='ocrx_word' id='word_1_271' title='bbox 540 2359 691 2408; x_wconf 89' lang='lat' dir='ltr'><strong>quidem</strong></span> <span class='ocrx_word' id='word_1_272' title='bbox 714 2358 852 2407; x_wconf 90' lang='lat' dir='ltr'><strong>ubique</strong></span> <span class='ocrx_word' id='word_1_273' title='bbox 876 2357 1056 2397; x_wconf 88' lang='lat' dir='ltr'><strong>definitur</strong></span> <span class='ocrx_word' id='word_1_274' title='bbox 1081 2359 1310 2408; x_wconf 86' lang='lat' dir='ltr'><strong>accuratius,</strong></span> <span class='ocrx_word' id='word_1_275' title='bbox 1343 2358 1409 2397; x_wconf 83' lang='lat' dir='ltr'><strong>sed</strong></span> <span class='ocrx_word' id='word_1_276' title='bbox 1433 2370 1520 2408; x_wconf 90' lang='lat' dir='ltr'><strong>per-</strong></span> 
     </span>
     <span class='ocr_line' id='line_1_33' title="bbox 139 2426 1523 2476; baseline 0.001 -11"><span class='ocrx_word' id='word_1_277' title='bbox 139 2438 253 2476; x_wconf 91' lang='lat' dir='ltr'><strong>quam</strong></span> <span class='ocrx_word' id='word_1_278' title='bbox 272 2426 449 2475; x_wconf 90' lang='lat' dir='ltr'><strong>frequens</strong></span> <span class='ocrx_word' id='word_1_279' title='bbox 468 2427 502 2464; x_wconf 90' lang='lat' dir='ltr'><strong>is</strong></span> <span class='ocrx_word' id='word_1_280' title='bbox 522 2438 614 2465; x_wconf 86' lang='lat' dir='ltr'><strong>usus</strong></span> <span class='ocrx_word' id='word_1_281' title='bbox 635 2431 696 2465; x_wconf 87' lang='lat' dir='ltr'><strong>est</strong></span> <span class='ocrx_word' id='word_1_282' title='bbox 716 2427 798 2466; x_wconf 89' lang='lat' dir='ltr'><strong>eius</strong></span> <span class='ocrx_word' id='word_1_283' title='bbox 822 2426 1046 2476; x_wconf 80' lang='lat' dir='ltr'><strong>particulae,</strong></span> <span class='ocrx_word' id='word_1_284' title='bbox 1078 2430 1120 2465; x_wconf 94' lang='lat' dir='ltr'><strong>ut</strong></span> <span class='ocrx_word' id='word_1_285' title='bbox 1145 2438 1221 2466; x_wconf 87' lang='lat' dir='ltr'><strong>una</strong></span> <span class='ocrx_word' id='word_1_286' title='bbox 1247 2439 1289 2465; x_wconf 88' lang='lat' dir='ltr'><strong>re</strong></span> <span class='ocrx_word' id='word_1_287' title='bbox 1314 2430 1523 2466; x_wconf 84' lang='lat' dir='ltr'><strong>memorata</strong></span> 
     </span>
    </p>
   </div>
  </div>
 </body>
</html>
