1862 2676
763 71 991 110 ..27-

182 177 317 226 nonid
338 181 464 224 facere
485 183 585 233 quod
605 183 679 223 iam
699 185 886 235 attigerit,
919 186 985 225 sed
1015 165 1115 235 quod
1141 184 1436 223 nisi'vetaretur
1457 182 1573 221 susci-

180 256 299 303 peret.
322 253 446 314 Atque
467 253 599 292 eadem
619 255 717 294 ratio
739 260 808 303 est,
831 266 916 293 cum

179 360 210 411 I,
237 362 303 410 22,
328 361 366 399 9.
389 371 418 399 s.
451 359 628 399 Proxima
649 360 843 410 supposito
865 360 1087 410 contingens
1108 358 1268 398 Umbria
1289 370 1420 408 campo

517 428 582 466 Me
603 430 734 477 genuit
755 428 870 467 terris
891 427 1027 466 fertilis
1049 427 1230 465 uberibus
1243 449 1299 454 —

181 537 396 584 discrepare
417 535 561 574 indicat
580 547 602 573 a
622 547 677 574 vs.
707 537 800 573 125.

180 642 477 691 scandentisque
498 642 598 680 Asisi
621 641 722 689 (Car.
737 641 886 679 scribit:
906 641 1021 689 arcis)
1042 640 1239 688 consurgit
1259 639 1405 678 vertice
1426 651 1571 678 murus.

266 749 358 797 Quis
385 750 483 788 enim
504 761 576 788 non
598 748 705 787 videt
726 749 954 798 supposito
977 759 1128 796 campo
1150 747 1319 786 dativum
1339 758 1423 786 esse
1444 751 1574 796 aptum

179 830 225 857 ex
245 818 462 868 proxima,
485 821 527 856 ut
546 817 745 865 utrobique
767 816 892 854 editus
913 816 1020 854 locus
1043 813 1305 864 significetur?
1326 815 1408 854 Nec
1435 816 1572 854 maiore

177 887 260 925 iure
277 890 390 935 negat
405 885 603 924 Caruttius
619 884 862 932 Propertium
878 884 1001 932 ipsum
1018 894 1058 922 se
1074 883 1283 922 Romanum
1301 882 1573 922 Callimachum

178 955 366 1002 appellare
387 953 566 1000 potuisse.
618 952 724 990 Haec
745 952 842 990 enim
866 953 897 990 si
919 962 992 999 qua
1013 955 1074 990 est
1093 951 1349 999 immodestia,
1373 958 1478 990 certe
1500 963 1573 990 non

180 1021 299 1059 maior
330 1025 389 1058 est.
420 1030 530 1068 quam
561 1024 844 1057 monumentum
875 1031 963 1058 aere
996 1020 1200 1068 perennius
1232 1019 1305 1058 sibi
1332 1019 1572 1068 vindicantis,

179 1095 290 1138 q'uam
310 1089 373 1127 ille
395 1088 593 1138 Propertio
613 1088 822 1136 permittit,
853 1099 922 1126 nec
942 1088 1086 1126 leviora
1107 1099 1163 1137 ea,
1186 1099 1282 1137 quae
1304 1088 1369 1126 alii
1389 1087 1571 1137 multique

178 1161 314 1206 poetae
337 1156 383 1195 de
405 1168 474 1194 sua
493 1156 613 1205 gloria
635 1157 868 1205 praedicant.

264 1225 340 1264 Sed
362 1228 492 1263 contra
513 1236 574 1273 ea,
610 1236 706 1273 quae
728 1237 749 1263 a
772 1225 947 1263 Caruttio
969 1225 1168 1273 dicuntur,
1200 1224 1293 1263 satis
1325 1228 1383 1262 est
1413 1224 1569 1262 dictum:

177 1304 274 1331 nunc
306 1304 401 1341 quae
433 1293 479 1331 ab
511 1292 596 1330 aliis
621 1293 661 1330 in
687 1293 842 1341 singulis
863 1293 1039 1331 versibus
1060 1298 1251 1331 novantur
1274 1292 1568 1330 consideremus.

176 1360 451 1409 Primaigitur
482 1361 520 1398 in
550 1360 671 1408 elegia
702 1361 1016 1410 Eschenburgius
1046 1361 1246 1409 Propertio
1278 1371 1332 1399 vs,
1365 1361 1415 1399 33
1434 1382 1483 1389 —
1501 1362 1568 1400 36.

180 1428 359 1476 derogat:

293 1532 437 1583 Quippe
458 1534 698 1573 suburbanae
718 1546 839 1583 parva
859 1535 982 1573 minus
1004 1535 1100 1574 urbe
1121 1535 1306 1584 Bovillae,

350 1602 401 1640 Et
423 1602 486 1651 qui
508 1614 606 1641 nunc
628 1603 720 1641 nulli
742 1603 905 1641 maxima
926 1603 1041 1641 turba
1064 1603 1176 1651 Gabi,

292 1669 343 1707 Et
364 1670 470 1708 stetit
491 1669 586 1708 Alba
606 1674 753 1719 potens,
776 1670 884 1708 albae
906 1670 983 1708 suis
1005 1671 1129 1709 omine
1150 1675 1257 1718 nata,

350 1737 432 1776 Hac
455 1738 519 1776 ubi
540 1738 702 1777 Fidenas
722 1738 833 1787 longe
855 1744 937 1777 erat
957 1740 1031 1777 isse
1054 1739 1144 1777 vias.

264 1832 326 1872 Sic
348 1834 663 1873 enim—vias—
674 1846 758 1874 cum
780 1835 951 1874 omnibus
972 1835 1080 1873 libris
1101 1835 1374 1883 manuscriptis
1398 1834 1567 1873 scriben-

176 1901 264 1939 dum
286 1907 464 1949 putamus
491 1908 651 1951 propter
678 1915 762 1941 eum
788 1903 911 1941 locum
934 1914 1043 1951 quem
1065 1902 1163 1940 infra
1184 1914 1319 1941 rursus
1341 1914 1567 1941 commemo-

176 1969 344 2007 rabimus
370 1970 401 2016 1,
426 1972 493 2018 20,
522 1970 585 2009 18.
637 1971 842 2019 Egressum
873 1971 981 2019 longe
1012 1970 1199 2009 Phasidos
1225 1971 1300 2009 isse
1326 1972 1440 2009 viam.
1493 1971 1567 2009 Sed

175 2037 275 2074 illius
296 2038 458 2085 primum
480 2042 740 2086 argumentum
762 2050 835 2077 non
857 2043 987 2077 contra
1008 2050 1092 2076 eum
1110 2049 1222 2087 quem
1239 2049 1307 2076 nos
1323 2038 1384 2077 hic
1400 2050 1446 2076 ex
1464 2039 1565 2077 Nea-

174 2104 340 2152 politano
361 2106 556 2144 attulimus
578 2117 730 2145 versum
750 2108 816 2155 33,
840 2107 905 2145 sed
922 2110 1053 2145 contra
1068 2117 1151 2144 eum
1171 2117 1282 2154 quem
1300 2106 1566 2145 Lachmannus

175 2172 327 2221 scripsit
348 2173 562 2222 profertur:

289 2269 433 2319 Quippe
455 2272 694 2311 suburbanae
715 2284 832 2320 parva
852 2273 1017 2311 eminus
1038 2272 1132 2310 urbe
1154 2272 1323 2310 Bovillae
1342 2295 1409 2310 -—.

259 2367 382 2417 Negat
413 2368 512 2407 enim
542 2369 692 2418 longam
724 2369 906 2419 syllabam
936 2369 972 2407 in
1002 2372 1113 2408 acuta
1134 2370 1212 2408 arsi
1234 2381 1255 2407 a
1275 2369 1475 2419 Propertio
1497 2380 1563 2418 po-

173 2435 289 2474 tuisse
311 2437 416 2485 elidi,
446 2437 535 2485 quia
554 2438 739 2476 eiusmodi
761 2438 864 2477 elisio
885 2441 950 2476 aut
970 2448 1128 2486 prorsus
1150 2438 1293 2476 vitetur
1314 2449 1336 2476 a
1356 2438 1478 2486 poetis
1499 2441 1566 2476 aut
