1862 2676
741 95 964 132 -79-

163 212 239 247 tur.
261 207 386 247 Multo
405 219 494 247 vero
515 208 633 256 magis
653 208 812 248 Ovidius
832 210 871 246 in
891 208 1020 248 Fastis
1051 209 1161 247 initia
1189 206 1426 256 singulorum
1447 206 1547 245 loco-

163 288 261 324 rum,
284 277 347 325 qui
369 276 428 314 his
449 281 537 314 sunt
557 276 686 324 elegiis
710 277 868 324 similes,
900 277 1032 325 variat,
1065 276 1139 314 etsi
1159 275 1222 315 hic
1242 287 1404 325 quoque,
1428 280 1471 313 ut
1491 275 1548 313 rei

161 348 300 383 natura
319 344 484 393 librique
508 345 681 392 perpetui
707 344 800 382 ordo
825 344 913 393 fert,
938 344 1156 392 saepissime
1182 355 1203 381 a
1229 355 1271 382 re
1297 344 1381 392 ipsa
1407 348 1547 392 tempo-

162 425 247 451 rum
268 413 455 452 adiunctis
481 412 692 451 rationibus
721 413 943 461 principium
970 412 1098 450 sumit.
1127 412 1221 450 Tum
1246 412 1343 450 enim
1370 424 1393 451 a
1419 412 1546 460 preci-

162 481 233 519 bus
254 481 314 518 dei
333 481 394 519 vel
414 481 508 519 deae
529 481 687 519 alicuius
708 481 870 525 orditur,
897 485 940 518 ut
961 480 1029 528 III,
1058 481 1150 517 167.
1173 479 1243 528 VI,
1267 482 1367 527 249;
1396 485 1476 518 tum
1499 480 1546 518 ab

161 548 457 598 interrogatione
477 547 602 597 aliqua
623 553 662 586 et
681 547 847 597 consilio,
869 553 911 585 ut
931 548 980 596 ΙΙ,
1004 549 1100 586 425.
1124 559 1154 585 s.

306 666 448 715 Nupta,
470 666 559 715 quid
581 665 802 714 exspectas?
823 677 895 722 non
917 669 959 703 tu
980 665 1208 713 pollentibus
1227 664 1357 703 herbis

361 734 442 773 Neo
462 746 573 783 prece
594 746 660 772 nec
680 735 825 781 magico
849 734 1014 772 carmine
1034 740 1157 771 mater
1179 733 1267 771 eris.

304 803 445 852 Excipe
467 802 647 841 fecundae
668 802 856 851 patienter
877 802 1035 840 verbera
1057 802 1234 849 dextrae3
1257 823 1313 829 —-

159 923 237 958 tum
260 931 282 958 a
302 920 383 958 loco
404 921 500 968 eius,
523 920 569 958 de
591 931 662 967 quo
684 925 909 956 narraturus
929 921 1000 965 est,
1023 917 1162 966 sacelli,
1186 922 1228 955 ut
1248 917 1278 965 Ι,
1303 920 1398 956 637.

303 1035 470 1074 Candida
492 1036 537 1074 de
559 1036 668 1074 niveo
689 1036 816 1084 posuit
835 1035 899 1072 lux
919 1034 1092 1083 proxima
1113 1034 1253 1082 templo

361 1102 443 1151 Qua
462 1102 535 1141 fert
557 1104 739 1141 sublimes
758 1103 835 1141 alta
854 1103 1010 1140 Moneta
1030 1103 1192 1149 gradus:

272 1172 381 1211 Nunc
401 1172 498 1210 bene
519 1172 724 1220 prospicies
744 1171 908 1219 Latiam,
930 1170 1153 1219 Concordia,
1175 1171 1344 1218 turbam3
1367 1193 1423 1200 —

155 1303 248 1346 tum,
270 1303 313 1336 ut
334 1298 407 1336 alia
427 1298 546 1335 multa
565 1298 773 1346 mittamus,
796 1298 849 1335 ita
869 1297 916 1335 ad
937 1309 1087 1336 causam
1111 1297 1270 1345 accedit,
1293 1303 1336 1335 ut
1357 1298 1463 1346 prius
1484 1310 1545 1337 ex-

156 1367 424 1415 spectationem
446 1365 651 1413 legentium
672 1365 944 1413 gravitatisque
965 1365 1021 1403 rei
1043 1365 1253 1414 opinionem
1270 1370 1430 1404 moveat.
1445 1366 1540 1404 Nam

156 1435 211 1483 II,
243 1435 292 1472 in.
326 1434 542 1482 priusquam
580 1433 679 1471 unde
710 1433 944 1471 Februarius
986 1432 1125 1471 mensis
1155 1433 1277 1471 dictus
1308 1434 1358 1471 sit
1388 1435 1543 1482 exponit

155 1503 337 1540 maiorem
360 1513 399 1540 se
419 1503 491 1540 iam
519 1501 716 1540 materiam
749 1513 860 1550 quam
887 1500 975 1539 olim
997 1500 1113 1548 elegis
1137 1500 1314 1549 amplecti
1340 1501 1540 1554 profitetur

155 1569 445 1618 Germanicique
473 1570 630 1617 gratiam
658 1572 797 1616 captat,
826 1573 866 1607 et
885 1568 936 1614 II,
963 1570 1071 1616 119.‚
1098 1568 1163 1606 ubi
1190 1569 1365 1607 dicturus
1386 1574 1445 1608 est
1466 1582 1540 1618 quo

154 1637 217 1675 die
238 1637 435 1683 Augustus
455 1636 571 1674 Pater
602 1636 755 1674 Patriae
786 1637 837 1673 sit
861 1636 1060 1683 salutatus,
1092 1636 1286 1683 ingenium
1318 1648 1358 1675 se
1378 1637 1540 1676 deficere

154 1706 329 1754 queritur
349 1704 579 1753 Homerique
601 1704 774 1753 spiritum
797 1707 965 1753 exoptat,
988 1708 1026 1742 et
1047 1700 1095 1752 V,
1116 1705 1210 1741 545.
1226 1715 1308 1742 cum
1332 1704 1379 1743 de
1399 1707 1542 1755 templo

153 1774 291 1812 Martis
322 1773 468 1812 Ultoris
498 1773 602 1821 loqui
631 1773 799 1811 instituit
833 1772 957 1810 sidera
989 1773 1098 1821 quasi
1127 1773 1339 1810 reverentia
1370 1778 1472 1812 mota
1504 1775 1540 1813 ei

153 1842 228 1880 diei
249 1841 357 1890 fingit
377 1842 526 1890 cedere,
550 1853 623 1889 quo
645 1841 735 1879 illud
762 1841 809 1879 ab
832 1843 1003 1890 Augusto
1032 1840 1246 1878 dedicatum
1267 1841 1326 1878 sit.
1349 1840 1428 1879 Nec
1449 1853 1540 1880 casu

151 1909 233 1947 fieri
255 1910 419 1957 videtur,
442 1915 485 1948 ut
505 1910 543 1947 in
564 1909 624 1948 his
644 1909 768 1947 tribus
790 1909 970 1957 exemplis
991 1909 1086 1947 sicut
1101 1909 1164 1946 hic
1180 1908 1278 1956 apud
1296 1909 1538 1957 Propertium

151 1977 197 2015 ad
211 1977 438 2016 Caesaream
460 1977 613 2014 domum
635 1988 696 2014 res
716 1977 965 2024 perducatur,
987 1976 1166 2014 videlicet
1186 1976 1273 2024 quia
1294 1988 1537 2025 quaecunque

151 2057 233 2083 eam
255 2046 444 2091 attingant
466 2049 620 2092 praeter
640 2049 767 2083 cetera
788 2045 864 2083 sint
885 2043 1086 2082 efferenda.
1114 2044 1212 2082 Nam
1236 2044 1274 2082 id
1295 2045 1419 2092 ipsum
1441 2045 1534 2083 Pro-

149 2113 294 2160 pertius
317 2111 434 2150 efficit
455 2112 662 2150 sacerdotis
683 2123 844 2160 persona
865 2115 1054 2159 suscepta,
1076 2115 1118 2149 ut
1139 2111 1324 2149 Horatius
1346 2112 1387 2150 C.
1405 2112 1472 2160 ΠΙ,
1499 2115 1536 2160 l,

150 2181 198 2219 in.
223 2192 307 2219 cum
330 2180 538 2219 sacerdotis
558 2185 688 2229 partes
709 2180 788 2229 agit
809 2181 976 2219 carmina
1006 2192 1079 2218 non
1103 2180 1209 2228 prius
1235 2179 1366 2218 audita
1387 2191 1428 2218 se
1448 2192 1537 2220 can·

149 2252 317 2287 taturum
339 2255 471 2296 aperte
493 2249 673 2287 declarat.
696 2248 827 2297 Neque
848 2249 974 2296 aliter,
1008 2255 1049 2286 ut
1069 2249 1107 2286 in
1128 2248 1254 2286 Fastis
1275 2248 1536 2294 subsistamus,

148 2329 212 2356 res
235 2329 275 2355 se
295 2311 410 2355 habet
430 2317 468 2354 in
491 2316 683 2355 clausulis.
717 2316 802 2355 Etsi
833 2317 932 2355 enim
953 2317 1090 2366 singuli
1112 2316 1188 2355 loci
1212 2316 1363 2365 saepius
1384 2327 1535 2354 renova-

147 2385 248 2423 tione
274 2386 330 2422 rei
358 2385 547 2433 expositae
574 2385 826 2423 terminantur
852 2389 930 2431 aut,
959 2385 1060 2423 nulla
1086 2384 1269 2433 singulari
1295 2384 1424 2422 addita
1448 2395 1534 2421 con-

146 2453 326 2501 clusione,
349 2453 433 2501 ipsa
454 2453 685 2501 expositione
707 2452 950 2502 definiuntur,
969 2465 1040 2492 non
1058 2465 1146 2492 raro
1167 2458 1294 2491 tamen
1314 2452 1384 2491 hoc
1403 2452 1527 2501 ipsum
