1862 2676
829 59 1060 99 —10—

298 212 300 215 ,
361 178 551 227 Ignoscas
564 177 686 228 igitur
704 177 745 217 si
757 176 854 227 qnid
870 139 944 218 tibi
961 176 1093 217 triste
1090 176 1218 218 libelli
1341 204 1346 209 -
1424 190 1429 210 2
1459 190 1527 235 ,ιι-ν.
1558 200 1562 204 -
1583 186 1629 208 m·

451 245 663 286 Attulerint
682 245 805 286 nostri
829 266 881 274 ——
910 264 912 267 ·
1315 246 1335 258 -’
1383 274 1387 278 ,
1532 245 1559 278 {2
1590 258 1642 268 .

247 342 287 382 id
307 354 393 382 cum
413 343 453 382 in
473 354 519 383 eo
539 343 643 383 dicat
667 342 767 383 libro
794 353 904 393 quem
929 344 970 382 et
999 343 1162 393 'primum
1189 345 1235 382 et
1254 337 1491 392 singularem
1510 323 1643 392 edidit,

247 422 323 450 non
344 409 503 451 dubium
524 415 583 451 est
604 411 695 460 quin
716 410 811 450 nihil
826 410 900 449 nisi
916 411 1087 461 singulas
1103 410 1246 463 elegias
1262 410 1376 451 dicat
1398 405 1522 461 Atque
1542 410 1643 450 idem

248 479 382 519 cadit
371 491 411 518 111
431 481 567 530 111,2‚
594 481 659 519 15.

363 578 578 618 Fortunata
596 589 682 618 meo
705 578 738 617 si
758 589 834 628 qua
854 581 913 617 est
934 577 1128 617 celebrata
1146 577 1292 617 libello!

250 687 346 725 quae
367 676 485 716 verbo
504 676 680 726 proximo
700 678 939 725 pentametro
959 676 1040 725 ipse
1062 675 1248 725 explicat:

453 773 632 813 Carmina
651 776 766 812 erunt
785 773 929 812 formae
950 776 1008 812 tot
1028 773 1262 812 monimenta
1282 775 1381 811 tuae.

249 870 348 910 Nam
360 874 400 910 et
410 871 586 911 universe
603 871 773 920 loquitur
793 871 1028 920 hexametro,
1047 883 1132 910 cum
1155 871 1194 909 si
1216 882 1299 919 qua
1320 870 1437 919 dicat,
1456 873 1495 909 et
1510 881 1645 919 parum

248 942 309 978 est
328 938 547 989 verisimile,
580 950 844 989 quamcunque
864 938 1006 988 laudet,
1047 941 1129 978 toto
1154 938 1254 977 libro
1277 937 1532 988 laudaturum,
1555 940 1594 976 et
1613 937 1647 976 si

252 1007 419 1046 carmina
439 1007 600 1046 totidem
621 1007 764 1047 formae
786 1011 874 1046 sunt
894 1008 1140 1055 monimenta,
1173 1007 1467 1057 unumquodque
1494 1018 1647 1046 carmen

248 1075 296 1114 ad
324 1074 517 1114 fortunam
545 1079 585 1114 et
610 1075 748 1115 famam
775 1076 858 1115 81118
879 1087 977 1125 quae
1007 1075 1186 1115 laudatur
1219 1074 1524 1115 constituendam
1555 1075 1648 1113 satis

247 1144 363 1184 valet.
387 1145 481 1184 Item
505 1156 590 1184 cum
611 1145 661 1195 II,
687 1147 754 1194 25,
779 1147 816 1184 3.
839 1146 919 1184 Ista
939 1145 1048 1194 meis,
1070 1145 1204 1195 inquit,
1223 1144 1287 1184 fiet
1305 1144 1504 1184 notissima
1523 1143 1647 1183 forma

248 1213 403 1262 libellis,
427 1235 484 1241 —
505 1213 589 1261 quis
611 1213 682 1251 sibi
704 1214 936 1262 persuadeat
955 1225 1029 1251 non
1051 1213 1216 1252 carmine
1241 1214 1361 1262 magis
1387 1224 1498 1263 quam
1520 1217 1645 1252 certo-

249 1292 334 1320 rum
355 1281 540 1320 librorum
560 1281 730 1320 ordinem
754 1285 793 1320 et
814 1281 1036 1320 divisionem
1059 1280 1187 1320 dicere
1204 1281 1312 1331 quasi
1333 1281 1536 1331 quidquam
1553 1281 1645 1320 atti·

248 1352 337 1388 neat
387 1349 576 1398 quomodo
618 1349 685 1388 illa
721 1350 868 1398 digesta
903 1352 943 1388 et
978 1350 1154 1388 ordinata
1189 1350 1295 1388 sint?
1335 1349 1510 1399 Denique
1545 1349 1647 1398 quod

247 1418 278 1468 I,
303 1419 341 1467 9,
367 1419 433 1457 13.
457 1416 506 1457 ad
525 1417 727 1463 Ponticum
750 1417 900 1457 scribit:

365 1516 383 1555 I
405 1526 547 1565 quaeso
569 1518 609 1554 et
628 1515 753 1554 tristis
773 1516 868 1554 istos
891 1526 1072 1564 compone
1093 1515 1242 1554 libellos

452 1583 506 1623 Et
522 1595 614 1623 cane
636 1584 736 1633 quod
759 1584 914 1634 quaevis
935 1595 1045 1623 nosse
1066 1584 1195 1634 puella
1217 1584 1310 1623 velit
1333 1606 1384 1612 —

248 1681 302 1720 ibi
324 1681 415 1731 quin
434 1681 516 1730 ipsa
538 1684 716 1730 poemata
737 1682 858 1734 epica,
881 1694 954 1721 non
974 1682 1091 1720 libros
1112 1683 1151 1720 in
1173 1693 1269 1730 quos
1291 1682 1569 1721 distribuantur
1589 1680 1647 1720 di-

249 1753 311 1789 cat
332 1753 443 1789 extra
463 1761 612 1789 omnem
638 1750 914 1789 dubitationem
940 1750 1106 1799 positum
1130 1750 1299 1789 videtur.
1333 1749 1417 1799 Qua
1437 1750 1649 1789 Lachman-

247 1830 318 1857 nus
339 1819 376 1858 vi
401 1818 539 1868 accipit
565 1818 753 1867 libellum,
781 1830 827 1858 ea
851 1818 1076 1868 Propertius
1096 1818 1235 1857 librum
1256 1818 1370 1858 dicit:
1392 1818 1443 1867 ΙΙ,
1473 1820 1510 1866 3,
1539 1821 1577 1857 4.
1596 1819 1649 1857 Et

248 1887 373 1936 turpis
393 1887 443 1926 de
463 1891 502 1926 te
523 1887 599 1926 iam
620 1886 719 1925 liber
740 1887 838 1926 alter
859 1887 933 1927 erit
947 1909 997 1915 ——
1012 1891 1052 1925 et
1072 1886 1121 1936 ΙΙ,
1142 1888 1210 1935 24,
1232 1888 1267 1926 1.
1294 1887 1352 1925 Tu
1373 1887 1541 1936 loqueris
1562 1899 1647 1926 cum

248 1956 299 1994 sis
330 1958 418 1994 noto
448 1955 522 1994 iam
555 1954 685 1994 fabula
714 1955 815 1994 libro
846 1956 898 1994 Et
927 1958 994 1994 tua
1024 1956 1074 1993 sit
1103 1958 1187 1994 toto
1224 1955 1388 2004 Cynthia
1418 1955 1520 1994 lecta
1549 1954 1646 1994 foro.

249 2022 486 2073 Quamquam
512 2023 652 2062 ceteris
677 2023 821 2062 dnobus
845 2023 939 2062 locis
972 2023 1037 2062 nbi
1066 2026 1271 2072 usurpatur
1297 2023 1391 2062 haec
1423 2023 1536 2062 etiam
1574 2034 1648 2062 vox

248 2092 361 2131 latius
386 2094 493 2141 patet
518 2091 755 2141 similiusque
780 2091 909 2130 libello
933 2091 1090 2130 dicitur:
1117 2090 1169 2140 II,
1201 2093 1237 2140 1,
1261 2094 1298 2129 2.
1326 2090 1435 2130 Unde
1455 2102 1562 2130 meus
1583 2103 1648 2131 ve-

249 2160 329 2199 niat
353 2160 476 2199 mollis
508 2160 547 2198 in
579 2171 647 2199 ora
676 2160 772 2199 liber
796 2181 847 2189 -
871 2163 912 2198 et
937 2159 1006 2209 IV,
1036 2161 1075 2207 7,
1105 2160 1171 2197 50.
1207 2159 1340 2208 Longa
1365 2170 1451 2198 mea
1475 2160 1514 2198 in
1539 2160 1649 2199 libris

249 2239 370 2277 regna
388 2227 494 2267 fuere
515 2228 603 2267 tuis.
627 2228 755 2277 Atque
777 2228 909 2268 eodem
930 2227 1043 2266 modo
1064 2227 1240 2265 volumen
1262 2227 1353 2266 dicit
1373 2227 1424 2276 ΙΙ,
1447 2230 1482 2277 1,
1502 2230 1539 2266 6.
1563 2228 1648 2266 Hoc

247 2300 370 2337 totum
391 2308 412 2335 e
434 2295 511 2335 Coa
530 2299 638 2336 veste
659 2297 839 2336 volumen
864 2297 951 2336 erit.
980 2295 1153 2335 Aliorum
1173 2298 1371 2344 poctarum
1401 2295 1524 2335 minus
1559 2306 1647 2335 con-

250 2367 354 2403 stans
386 2367 445 2402 est
474 2375 567 2402 usus
596 2364 727 2403 libelli.
765 2364 861 2403 Sunt
880 2363 998 2402 libelli
1028 2363 1130 2413 libri,
1163 2366 1206 2401 ut
1226 2362 1294 2402 Ov.
1317 2364 1434 2403 Trist.
1457 2363 1506 2412 V,
1538 2365 1575 2412 l,
1596 2363 1647 2401 in.

250 2456 305 2462 ——
320 2433 434 2472 Hunc
455 2444 607 2482 quoque
630 2431 675 2471 118
687 2432 836 2482 Getico,
849 2432 972 2472 nostri
993 2431 1353 2482 studiose,libellum
1365 2431 1515 2471 Littore
1535 2443 1647 2481 prae-
