1862 2676
239 515 421 555 Multisne
441 516 608 571 futurum
630 518 681 556 sit
700 520 744 557 ut
764 528 900 567 operae
925 517 1093 566 pretium
1112 516 1246 555 videar
1265 515 1415 566 fecisse,
1442 517 1543 565 quod

153 582 329 633 quartum
350 584 538 634 Propertii
565 579 706 624 librum
728 586 776 625 ab
800 586 861 634 iis,
889 584 954 633 qui
985 584 1232 633 disiungendo
1259 584 1544 633 transponendo

151 653 318 692 tollendo
340 653 399 692 his
419 654 656 703 temporibus
676 665 763 692 eum
777 650 1069 702 perturbarunt,
1087 652 1298 691 studuerim
1323 651 1543 702 defendere,

151 732 220 759 nec
242 722 334 760 satis
354 722 431 761 scio
460 733 595 772 neque,
627 725 671 760 ut
705 721 827 760 dicam
855 721 958 770 quod
989 721 1126 770 sentio,
1159 720 1405 760 vehementer
1435 732 1541 760 curn.

150 790 305 829 Illorum
328 790 479 840 quidem
502 795 607 829 certe
629 790 707 829 scio
728 801 790 828 me
812 801 885 829 non
905 790 1114 829 vitaturum
1137 789 1469 839 reprehensiones,
1482 789 1547 837 qui

151 858 397 907 Propertium
417 858 621 898 emendare
638 861 684 896 ut·
696 861 833 907 putant
849 869 962 907 quam
978 858 1036 896 vel
1054 858 1269 907 intelligere
1281 857 1343 896 vel
1354 857 1545 906 explicare

151 938 210 975 ac,
223 927 358 976 siquid
379 938 450 965 non
463 927 592 965 statim
603 928 696 966 satis
717 927 951 976 intelligunt,
963 927 1036 966 non
1057 930 1133 966 tam
1154 930 1198 965 ut
1216 926 1432 975 intelligant
1451 926 1546 964 eniti

151 1006 261 1044 quam
293 995 568 1034 circumcidere
599 999 638 1034 et
668 996 898 1045 detorquere
923 995 1081 1034 malunt.
1129 995 1187 1034 Ac
1217 994 1352 1033 melius
1383 993 1544 1033 fortasse

152 1068 238 1106 erat
259 1075 356 1113 quae
378 1064 439 1102 hic
462 1067 611 1103 tentata
631 1068 758 1103 essent
779 1065 932 1103 silentio
953 1064 1182 1113 praeterire,
1205 1067 1249 1101 ut
1268 1063 1307 1101 in
1323 1063 1408 1102 aliis
1424 1064 1542 1112 scrip-

149 1131 298 1170 toribus
334 1132 452 1170 multa
494 1132 700 1171 multorum
726 1132 864 1172 similia
900 1136 1038 1172 conata
1069 1132 1209 1171 merito
1235 1134 1544 1180 contemnuntur,

150 1201 224 1239 nisi
244 1201 469 1250 Propertius
488 1205 527 1239 et
549 1202 660 1240 unius
677 1202 801 1251 magni
817 1201 982 1240 nominis
997 1202 1225 1240 auctoritate
1243 1204 1284 1239 et
1298 1200 1544 1239 multitudine

150 1274 190 1308 et
211 1270 318 1320 quasi
338 1269 501 1309 factione
524 1271 811 1310 emendatorum
823 1281 921 1320 quos
939 1281 980 1309 se
1000 1270 1074 1321 ipsi
1093 1270 1225 1309 volunt
1246 1281 1330 1309 esse
1349 1281 1543 1320 premere-

149 1341 224 1376 tur.
247 1338 453 1387 Postquam
474 1339 573 1377 enim
601 1351 699 1378 anno
720 1339 833 1378 huius
854 1339 993 1378 saeculi
1019 1342 1127 1379 sexto
1155 1339 1303 1379 decimo
1328 1339 1542 1379 Lachman-

150 1420 234 1457 nus,
255 1408 416 1447 abiectis
442 1409 501 1458 iis,
531 1421 628 1459 quae
651 1409 825 1460 Scaliger
847 1410 936 1449 olim
957 1413 1177 1459 novaverat,
1201 1413 1243 1449 et
1262 1410 1300 1448 in
1321 1409 1452 1449 multis
1474 1421 1543 1460 op-

148 1461 240 1515 time
263 1476 310 1515 de
330 1477 534 1526 Propertio
556 1481 616 1516 est
644 1479 805 1517 meritus
842 1482 882 1517 et
902 1482 1030 1517 tamen
1063 1479 1138 1518 alia
1157 1478 1349 1517 immerito
1371 1478 1453 1527 ipse
1473 1490 1541 1517 no-

149 1545 267 1584 vavit:
291 1557 363 1584 non
385 1550 546 1596 tantum,
569 1558 665 1597 quae
696 1547 762 1586 ille
795 1547 1044 1597 excogitarat,
1071 1559 1095 1586 a
1119 1547 1296 1597 plurimis
1327 1546 1541 1586 editoribus

149 1619 303 1662 praeter
323 1614 622 1664 Hertzbergium
643 1619 796 1655 servata
832 1619 933 1665 sunt,
961 1628 1094 1655 verum
1125 1627 1212 1655 mox
1237 1616 1312 1655 alia
1338 1615 1452 1654 etiam
1472 1627 1540 1654 no-

149 1683 314 1722 vantium
339 1687 446 1724 tanta
466 1688 598 1724 exorta
619 1689 677 1724 est
695 1685 967 1736 multitudo,ut
981 1686 1055 1725 iam
1072 1684 1335 1725 difficillimum
1347 1685 1397 1725 sit
1412 1695 1541 1724 omnes
1597 1677 1602 1680 ’

149 1752 314 1791 omnium
338 1754 576 1803 suspiciones
597 1765 834 1803 percensere.
853 1754 935 1794 Nos
949 1766 1049 1793 nunc
1070 1758 1110 1794 et
1128 1755 1195 1794 illa
1214 1755 1423 1804 mittemus,
1444 1764 1541 1802 quae

147 1820 184 1858 in
208 1820 368 1869 singulis
387 1822 584 1862 vocabulis
605 1825 751 1863 mutata
771 1826 873 1873 sunt,
894 1823 959 1862 ubi
990 1834 1063 1862 non
1086 1835 1209 1874 pauca
1229 1822 1394 1862 feliciter
1415 1834 1540 1862 emen-

148 1889 236 1929 data
255 1901 330 1929 non
351 1902 546 1941 negamus,
569 1896 609 1931 et
629 1893 662 1932 si
682 1902 780 1942 quae
799 1893 975 1942 graviora
996 1893 1034 1932 in
1055 1892 1319 1942 superioribus
1336 1892 1446 1932 libris
1458 1895 1540 1931 ten-

147 1963 228 1999 tata
248 1964 358 1999 sunt:
381 1960 515 1999 ultimo
546 1973 615 2001 nos
644 1962 761 2012 libro,
790 1962 855 2012 qui
881 1951 953 2001 hoc
980 1966 1154 2012 tempore
1180 1961 1342 2001 maxime
1374 1961 1541 2000 omnium

148 2032 208 2068 est
227 2033 386 2069 vexatus
408 2034 446 2069 et
467 2031 558 2070 totis
578 2032 754 2070 versibus
774 2035 842 2071 aut
863 2031 1024 2071 sublatis
1045 2034 1112 2071 aut
1126 2031 1371 2081 transpositis
1387 2030 1539 2080 elegiis-

147 2109 221 2147 que
240 2097 440 2137 disiunctis
462 2100 752 2139 continebimus.

236 2166 335 2205 Nam
356 2179 454 2206 anno
475 2168 590 2207 huius
627 2169 768 2208 saeculi
796 2169 1030 2219 sexagesimo
1057 2169 1174 2209 tertio
1200 2167 1483 2208 Heimreichius
1504 2167 1542 2204 in

148 2234 440 2285 Quaestionibus
474 2234 739 2287 Propertianis
769 2237 940 2289 (Bonnae
974 2238 1116 2286 1863.)
1145 2240 1302 2287 praeter
1327 2236 1402 2276 alia
1427 2235 1539 2275 etiam

147 2305 259 2345 huius
273 2305 366 2345 *libri
388 2305 548 2355 elegiam
570 2307 724 2346 tertiam
746 2308 892 2357 attigit3
914 2319 1013 2348 anno
1034 2308 1271 2358 sexagesimo
1287 2310 1423 2358 quarto
1439 2304 1539 2344 Boo-

144 2373 221 2413 tius
242 2374 438 2426 (Bydrage
459 2376 499 2413 to
525 2374 573 2413 de
593 2374 716 2414 kritik
736 2387 781 2416 en
801 2377 1024 2427 verklaring
1045 2389 1118 2417 van
1138 2375 1381 2429 Propertiu‘s
1397 2374 1540 2413 laatste

1307 2454 1322 2481 1
