1862 2676
901 77 1131 113 -52-

315 195 418 233 Ante
444 206 498 233 vs.
527 196 608 242 55„
636 193 773 242 inquit,
800 192 989 231 excidisse
1014 197 1122 241 puto,
1148 192 1289 241 quibus
1313 192 1360 230 de
1386 192 1511 240 pactis
1529 191 1715 243 Tarpeiae

315 274 401 300 cum
423 261 533 300 Tatio
558 260 734 299 ineundis
759 262 955 309 ageretur.
989 262 1042 299 At
1066 259 1114 299 de
1139 260 1187 299 iis
1213 260 1338 308 pactis
1362 271 1436 299 non
1460 260 1522 300 hic
1550 263 1634 299 erat
1658 260 1714 300 di-

316 330 424 368 cendi
434 329 567 377 docus,
595 329 661 368 sed
688 328 801 378 infra,
836 330 903 368 ubi
923 329 1082 377 Tarpeia
1103 328 1256 367 Tatium
1289 329 1510 367 convenisse
1535 331 1715 367 narratur

312 399 397 445 (81.
421 399 482 446 s.),
505 398 537 436 si
559 409 604 436 ea
625 409 686 435 res
707 397 884 447 pluribus
905 401 1006 436 esset
1028 396 1215 445 exposita.
1233 396 1413 435 Similiter
1430 396 1584 435 enimin
1601 396 1714 435 simili

312 476 429 502 causa
448 464 587 504 Medea
610 465 711 513 apud
734 465 777 503 C.
802 464 997 503 Valerium
1017 465 1192 504 Flaccum
1224 476 1300 503 non
1321 465 1360 502 in
1386 464 1494 502 initio
1513 463 1605 503 libri
1626 475 1713 513 sep-

311 532 407 581 timi,
435 533 503 571 ubi
530 540 648 571 noctu
676 545 783 571 suum
817 544 947 572 secum
978 534 1104 571 animo
1136 544 1304 572 amorem
1338 536 1476 581 versat,
1503 532 1595 581 quid
1626 543 1711 571 cum

310 601 445 639 Iasone
466 605 625 650 pactura
647 602 699 639 sit
718 601 858 651 aperit,
886 602 952 640 sed
979 607 1113 650 postea
1139 603 1251 651 (437.
1275 601 1343 648 ss.)
1364 601 1437 650 ipsi
1457 601 1582 640 Iasoni
1603 612 1712 640 suum

309 668 419 706 offert
441 669 620 706 auxilium
643 669 801 717 eiusque
823 670 1015 716 promissa
1035 670 1196 718 accipit3
1221 669 1397 706 similiter
1413 669 1513 718 apud
1530 668 1709 707 Ovidium

310 736 404 775 Met.
434 736 543 775 VIII.
577 736 704 786 Scylla
736 749 809 775 non
847 737 932 786 ipsa
963 749 1090 776 secum
1128 738 1316 787 quomodo
1345 737 1488 776 Minois
1512 737 1708 776 matrimo-

311 806 414 843 nium
436 807 677 854 postulatura
711 807 761 843 sit
783 806 1012 854 considerat,
1046 806 1112 844 sed
1139 817 1227 844 mox
1252 806 1324 854 ipsi
1345 807 1394 855 (v,
1420 807 1503 854 92.)
1525 806 1615 855 quid
1645 817 1713 854 po-

310 872 430 912 stulet
455 872 680 922 profitetur3
713 877 753 912 at
784 874 822 912 in
846 873 928 913 Oiri
954 874 1057 913 nulla
1083 885 1239 924 usquam
1262 876 1459 923 pactorum
1485 872 1529 913 fit
1553 874 1710 922 mentio,

308 942 382 979 nisi
401 941 501 980 forte
523 944 608 989 quis
628 942 721 979 illud
742 943 817 980 huc
838 942 993 990 referat,
1024 943 1124 990 quod
1148 943 1274 991 Scylla
1294 942 1332 979 in
1354 942 1515 980 vinculis
1535 945 1651 990 atque
1672 942 1710 980 in

308 1010 391 1048 navi
415 1022 468 1048 vs.
493 1012 590 1048 414.
614 1010 706 1049 haec
729 1011 929 1058 queritur:

540 1127 610 1164 Illa
631 1138 701 1175 ego
724 1130 819 1175 tum,
838 1127 977 1175 Minos,
995 1131 1142 1165 sacrato
1164 1126 1318 1164 foedere
1339 1127 1476 1164 coniux

540 1194 654 1233 Dicta
676 1194 758 1232 tibi.
782 1216 838 1223 —

306 1319 463 1366 Contra,
492 1324 536 1357 ut
556 1319 618 1357 hic
641 1318 807 1367 Tarpeia
826 1319 934 1367 prius
962 1322 1192 1357 metuentem
1214 1317 1324 1357 Tatio
1352 1318 1517 1356 animum
1539 1318 1707 1358 declarat

304 1393 344 1426 et
365 1399 405 1427 se
427 1389 463 1426 ei
490 1388 586 1426 velle
614 1399 725 1436 opem
752 1386 854 1425 ferre
878 1390 994 1435 utque
1027 1387 1117 1425 velit
1148 1387 1429 1435 pulchritudine
1455 1387 1538 1426 eius
1564 1390 1706 1427 moveri

303 1456 445 1505 aperit,
476 1466 564 1494 mox
592 1455 672 1493 sive
699 1466 796 1493 uxor
822 1454 902 1492 sive
934 1455 1057 1494 amica
1081 1453 1211 1493 futura
1237 1455 1287 1493 sit
1314 1454 1472 1493 Romam
1500 1454 1602 1495 dotis
1621 1456 1704 1495 loco

301 1525 531 1573 pollicetur:
554 1525 609 1563 ita
630 1524 760 1563 eadem
784 1524 914 1573 Scylla
934 1524 1036 1573 apud
1058 1523 1238 1563 Ovidium
1258 1526 1343 1573 (64.
1367 1525 1437 1574 ss.)
1462 1529 1550 1572 post
1570 1525 1705 1564 similis

302 1594 429 1630 metus
445 1593 738 1631 declarationem
756 1592 1132 1641 pulchritudinisque
1149 1592 1292 1630 Minois
1310 1593 1704 1631 commemorationem

302 1661 349 1698 ad
372 1661 570 1698 consilium
593 1661 741 1708 patriae
763 1661 979 1709 prodendae
1003 1661 1307 1710 transgreditur:

418 1786 539 1835 Quam
560 1792 689 1826 metuo
712 1792 829 1835 certe,
852 1799 899 1826 ne
922 1788 1007 1836 quis
1030 1792 1097 1825 tua
1117 1791 1287 1835 pectora,
1309 1788 1446 1836 Minos,

350 1890 355 1895 .
417 1855 604 1894 Vulneret
625 1856 866 1904 imprudens!
891 1857 976 1905 quis
998 1856 1098 1893 enim
1119 1859 1197 1894 tam
1221 1856 1343 1904 dirus,
1365 1859 1410 1893 ut
1429 1856 1468 1893 in
1489 1859 1529 1894 te

416 1923 593 1973 Dirigere
614 1924 798 1962 immitem
820 1925 892 1962 nisi
912 1925 1063 1963 nescius
1087 1924 1225 1963 audeat
1244 1924 1414 1963 hastam!

418 1990 563 2040 Coepta
584 1992 736 2040 placent
756 1995 795 2030 et
816 1996 895 2030 stat
916 1993 1107 2030 sententia
1128 1992 1282 2030 tradere
1303 2004 1452 2031 mecum

387 2105 391 2108 ¹
416 2059 593 2098 Dotalem
614 2060 790 2109 patriam.
816 2083 870 2088 —

385 2186 428 2224 In
455 2186 578 2235 elegia
609 2187 768 2235 quinta
794 2186 1091 2225 Luettiohannes
1123 2187 1286 2235 primum
1312 2186 1565 2237 interpolatos
1590 2189 1699 2236 putat

298 2256 348 2304 (p.
375 2254 461 2302 44.)
483 2267 559 2293 vss.
586 2257 608 2293 9
634 2278 688 2283 —
717 2258 781 2293 12.

473 2381 544 2419 Illa
567 2378 683 2429 velit,'
694 2380 839 2429 poterit
859 2391 1014 2428 magnes
1036 2392 1108 2418 non
1129 2380 1268 2419 ducere
1289 2380 1434 2420 ferrum

532 2449 583 2487 Et
604 2449 769 2487 volucris
788 2448 886 2486 nidis
907 2460 989 2487 esse
1011 2451 1173 2488 nove'rca
1195 2450 1289 2489 suis.
