1862 2676
854 71 905 77 -
940 49 995 88 24
1026 70 1083 78 -
1763 0 1797 191 l

269 163 389 214 Saepe
420 175 507 204 suos
537 164 672 203 solitus
701 154 882 204 recitare*
898 163 1124 214 Propertius
1153 164 1263 214 ignes
1291 165 1389 206 Jure
1415 166 1581 206 sodalitii
1600 167 1664 216 qui

270 234 364 272 mihi
382 233 535 272 iunctus
555 237 650 272 erat.
663 232 895 272 ——Restant
913 232 1065 272 fabulae
1093 235 1139 272 ut
1168 233 1214 272 de
1235 233 1409 274 omnibus
1429 235 1662 274 dictum‘sit.

270 301 331 341 Ad
352 312 446 350 quas
465 300 763 340 Luettiohaunes
783 301 867 340 iure
888 304 1078 341 memorat
1093 298 1552 352 HerculemaPropertio
1569 314 1663 343 neu-

270 370 413 419 tiquam
428 369 579 408 narrari
598 370 638 408 in
657 369 767 408 Latio
789 372 993 420 mortuum,
1010 368 1077 408 sed
1089 380 1145 409 vs.
1160 370 1228 409 61.
1251 370 1441 421 (Angulus
1456 370 1519 410 hic
1534 370 1664 410 mundi

271 449 368 477 nunc
387 449 449 477 me
469 450 554 477 mea
567 437 647 476 fata
661 438 875 477 trahentem
890 438 1056 489 Accipit)
1072 438 1120 478 de
1136 425 1301 478 adventu
1321 439 1444 489 accipi
1466 444 1659 489 oportere,

269 506 405 555 Scyllis
426 511 552 545 autem
572 505 719 544 duabus
735 504 904 544 confusis
919 506 1025 559 illum
1039 509 1164 545 tutum
1180 518 1264 545 esse
1281 506 1405 555 Ovidii
1422 507 1662 557 Vergiliique

270 573 462 623 exemplis.
512 572 610 612 Nam
641 576 774 612 narrat
798 573 861 612 ille
887 573 1039 623 quidem
1057 573 1129 626 ΙΙΙ,
1156 576 1224 622 19,
1248 576 1316 614 21.
1348 575 1451 614 illam
1483 575 1660 625 Scyllam,

271 653 367 690 quae
387 642 522 681 Nisum
542 644 690 691 patrem
705 634 929 691 prodiderit,
947 642 1116 680 Minoem
1131 642 1328 692 adamarit,
1344 642 1384 681 in
1400 643 1486 682 navi
1500 643 1624 682 vincta

268 721 415 759 poenas
436 709 599 756 dedisse;
621 709 722 748 idem
733 708 801 757 IV,
819 711 859 758 4,
880 710 947 748 39.
971 720 1000 747 3.
1024 708 1123 757 Quid
1144 710 1294 758 mirum,
1311 710 1448 760 inquit,
1465 711 1503 749 in
1518 711 1620 760 patri

269 776 434 826 Scyllam
455 777 623 816 saevisse
643 777 803 826 capillos
823 776 1067 827 Candidaque
1086 777 1124 816 in
1139 789 1272 817 saevos
1290 778 1447 827 inguina
1468 790 1580 818 versa
1632 797 1648 804 -

269 857 408 885 nes—z
427 845 495 885 sed
511 844 668 885 Ovidius
688 846 816 895 etiam,
834 846 899 895 qui
919 846 1015 885 Met.
1028 846 1076 896 X,
1089 846 1142 885 in.
1164 846 1304 885 Phorci
1318 845 1432 897 filiae,
1444 847 1540 886 Met.
1554 847 1590 887 V
1616 843 1647 892 Ι,

269 915 321 953 111.
344 913 443 953 filiae
463 914 548 953 Nisi
569 913 735 953 fabulam
756 915 932 963 exponit,
953 915 1053 953 idem
1074 915 1158 954 Am.
1182 915 1257 964 III,
1282 917 1348 964 12,
1373 917 1440 954 21.
1482 915 1560 954 Per
1592 922 1650 959 os,

268 982 410 1031 inquit,
445 981 573 1031 Scylla
602 982 703 1031 patri
734 993 851 1021 canos
880 981 1009 1021 furata
1034 982 1193 1031 capillos
1218 982 1326 1022 Pube
1351 983 1492 1032 premit
1511 995 1532 1022 r
1584 979 1651 1019 dos

268 1050 561 1099 inguinibusque
580 1061 704 1098 canes,
727 1050 956 1099 eosdemque
972 1061 1093 1098 paene
1110 1061 1245 1089 versus
1261 1051 1500 1100 redintegrat
1557 1048 1604 1086 A.
1617 1047 1649 1095 I,

272 1120 348 1158 331
375 1130 422 1166 s.;
444 1118 612 1168 itemque
627 1117 823 1167 Vergilius
844 1122 883 1157 et
904 1118 999 1157 Aen.
1016 1118 1087 1167 ΙΙΙ,
1111 1121 1353 1159 424-428.
1376 1120 1498 1159 altera
1546 1114 1651 1165 Scyl-

269 1188 345 1225 lam
367 1187 569 1234 describit,
602 1189 641 1224 et
671 1186 753 1224 Ecl.
776 1186 844 1234 VI,
868 1187 934 1225 74.
958 1198 1008 1224 ss.
1031 1186 1125 1224 haec
1146 1187 1279 1224 habet:
1311 1186 1411 1234 Quid
1440 1170 1565 1250 lojfiar
1584 1179 1654 1221 aut

271 1253 436 1304 Scyllam
457 1253 560 1303 Nisi,
593 1264 706 1302 quam
726 1252 826 1292 fama
847 1256 978 1292 secuta
998 1256 1057 1292 est
1077 1252 1247 1293 Candida
1267 1254 1488 1299 succinctan
1507 1251 1650 1290 latran-

268 1323 372 1361 tibus
394 1322 547 1370 inguina
566 1322 745 1360 monstris
765 1321 963 1360 Dulichias
985 1333 1141 1360 vexasse
1161 1325 1334 1370 rates—‚
1357 1322 1423 1361 ubi
1439 1330 1499 1362 mr
1514 1318 1653 1357 Garut-

269 1390 346 1429 tius
368 1389 546 1428 mendum
566 1389 687 1428 latere
708 1389 923 1437 suspicetur
943 1389 1045 1427 nulla
1066 1393 1124 1428 est
1145 1390 1254 1429 ratio.
1310 1387 1474 1429 Huncin
1499 1386 1653 1425 modum

269 1470 354 1498 cum
374 1462 511 1507 poetae
531 1457 683 1495 varient
702 1456 869 1506 fabulas,
902 1466 949 1495 ne
980 1456 1104 1496 Cacus
1136 1458 1288 1505 quidem
1315 1457 1421 1497 debet
1448 1454 1651 1502 offendere,

230 1535 237 1543 ·
270 1538 383 1576 quem
405 1526 477 1565 etsi
497 1537 606 1564 nemo
629 1525 728 1574 quod
749 1525 863 1564 sciam
884 1525 981 1564 alius
1001 1525 1210 1574 tricipitem
1232 1526 1344 1574 dixit,
1370 1523 1502 1572 plures
1527 1528 1652 1562 tamen

270 1595 391 1633 diram
412 1594 494 1632 eius
514 1592 650 1632 faciem
670 1597 897 1640 memorant,
921 1597 963 1631 ut
984 1604 1056 1631 non
1078 1593 1216 1632 mirum
1238 1594 1289 1632 sit
1309 1601 1384 1632 eam
1406 1603 1428 1629 a
1448 1590 1652 1639 Propertio

268 1662 392 1701 tribus
413 1661 599 1711 capitibus
621 1672 704 1699 esse
725 1659 928 1700 definitam.

356 1730 566 1778 Epistolam
589 1729 801 1768 Arethusae
822 1728 1018 1767 Caruttius
1040 1729 1248 1767 Heroidum
1265 1727 1508 1767 imitationem
1529 1729 1653 1773 vocat,

271 1798 379 1837 euius
401 1801 652 1837 commentum
674 1797 827 1836 ductum
849 1797 1024 1837 videatur
1043 1809 1090 1837 ex
1111 1797 1232 1846 elegia
1248 1799 1306 1837 12.
1328 1795 1354 1834 l.
1372 1795 1443 1843 III,
1466 1805 1541 1843 qua
1559 1793 1654 1834 Pro-

269 1866 414 1915 pertius
441 1865 645 1905 derelictae
668 1865 799 1904 Gallae
821 1865 1042 1904 Postumum
1073 1869 1222 1914 arguat.
1270 1863 1344 1903 Ubi
1373 1863 1484 1910 hoce,
1516 1862 1655 1911 inquit,

269 1944 450 1984 praesens
470 1945 589 1982 genus
609 1933 751 1972 Noster
769 1938 918 1972 tentare
939 1933 1131 1982 voluisset,
1154 1933 1310 1973 formam
1332 1942 1467 1970 novam
1487 1935 1527 1970 et
1546 1941 1654 1969 suam

270 2003 325 2041 illi
346 2002 529 2049 dedisset,
552 2013 620 2040 nec
641 2005 720 2039 tam
742 2001 901 2040 moleste
923 2000 1051 2040 Ovidii
1071 2002 1227 2050 vestigia
1248 1999 1463 2048 pressisset.
1514 1999 1567 2036 At
1588 2009 1657 2036 cur

268 2070 381 2109 huius
407 2070 535 2119 potius
554 2073 688 2108 auctor
708 2069 849 2118 elegiae
870 2068 1043 2108 Ovidium
1074 2070 1240 2107 imitatus
1270 2069 1427 2116 putetur
1452 2077 1564 2114 quam
1590 2069 1657 2104 aut

269 2141 402 2176 contra
421 2141 489 2175 aut
508 2140 644 2176 neuter
663 2138 861 2176 neutrum?
913 2136 1026 2176 Certe
1056 2137 1208 2175 relictae
1241 2135 1372 2174 uxoris
1403 2134 1451 2172 ad
1477 2134 1654 2173 maritum

269 2204 429 2255 epistola
449 2216 523 2243 non
543 2208 619 2244 tam
640 2205 807 2244 insolens
833 2216 948 2244 causa
969 2209 1071 2253 erat,
1092 2209 1135 2243 ut
1154 2215 1228 2243 non
1250 2215 1318 2242 sua
1341 2206 1499 2251 uterque
1522 2206 1656 2252 sponte

269 2285 351 2312 eam
368 2277 498 2322 posset
512 2276 688 2312 tractare.
708 2272 943 2322 Quamquam
964 2273 1001 2311 id
1023 2274 1137 2312 etiam
1158 2271 1300 2311 factum
1321 2276 1380 2311 est
1399 2272 1438 2310 iu
1455 2275 1656 2321 poetarum

267 2341 484 2390 consortiis,
506 2344 548 2380 ut
568 2342 687 2380 maior
707 2346 798 2380 natu
811 2341 975 2381 minoris
997 2341 1207 2391 exemplum
1230 2344 1467 2390 sequeretur.
1492 2338 1566 2378 Sed
1578 2339 1655 2388 Ly-

268 2413 376 2450 cotae
406 2414 446 2450 et
476 2409 692 2449 Arethusae
713 2410 926 2449 nominibus
946 2411 1165 2449 Postumum
1187 2409 1294 2448 illum
1320 2412 1359 2448 et
1380 2406 1529 2447 Gallam
1554 2406 1656 2445 desi-
