1862 2676
751 78 810 88 ...
840 51 905 99 9
924 74 1016 89 ..-

168 169 276 230 qiud
271 163 494 223 maome
520 174 564 211 ut
586 141 805 225 autequam
808 173 978 218 διδότω
987 174 1180 219 mortuns
1187 173 1555 227 ὸιεθιῡριιινὶιῖ-

70 223 72 225 ’
100 256 102 258 ’
169 224 377 287 optatam
395 237 534 278 Medea
551 241 653 289 apud
671 239 852 282 Ovidium
870 241 964 282 Her.
986 241 1082 293 XII,-
1096 247 1135 283 2.
1157 255 1209 283 ss.

260 315 393 357 Tunc
404 327 509 373 quae
529 317 760 368 dispensant
769 319 944 373 mortalia
961 319 1038 370 fila,
1059 332 1212 361 sorores

373 370 600 425 Debuerant
617 386 723 427 fusos
742 374 930 427 evoluisse
949 399 1067 428 meos.

286 451 392 492 Tunc
411 453 518 502 potui
539 454 677 495 Medea
695 455 792 494 mori
811 455 926 495 bene:
954 456 1136 507 quidquid
1157 457 1206 496 ab
1227 457 1292 497 illo

374 521 542 561 Produxi
564 524 664 563 vitae
684 527 857 573 tempore
877 535 999 574 poena
1019 525 1092 564 fuit
1114 547 1164 554 —
1181 538 1190 572 ;

172 612 282 659 optat
302 609 442 649 ibidem
462 609 529 660 XI,
554 614 621 650 21.
647 611 814 651 Canace:

288 687 320 727 Ο
342 688 485 727 utinam
506 689 688 728 Macareu
711 701 809 739 quae
830 702 900 729 nos
921 691 1108 729 commisit
1128 691 1165 728 in
1186 700 1302 729 unum

232 748 235 751 ’
374 756 552 797 Venisset
571 758 649 797 leto
670 759 795 797 serior
815 759 910 797 hora
930 761 1031 810 meo!
1056 780 1111 788 —
1124 790 1134 808 ‚

170 849 302 895 optant
326 846 390 886 alii
417 847 532 886 etiam
557 847 680 896 multi,
712 858 804 895 quos
828 847 1103 898 proferremus,
1131 849 1203 887 nisi
1229 859 1294 887 res
1318 848 1561 898 apertissima

170 916 485 957 documentorum
506 917 616 967 copia
635 918 746 958 citius
767 918 1038 958 obscuraretur
1063 931 1174 969 quam
1201 919 1471 958 illustraretur.

259 984 435 1023 Vidimus
462 985 574 1033 primi
599 987 812 1035 argumenti
844 986 1160 1036 Lachmanniani‚
1193 987 1294 1036 quod
1325 998 1371 1025 ex
1401 984 1560 1035 perditis

172 1064 269 1103 quae
294 1055 405 1102 putat
431 1054 663 1093 carminibus
683 1054 874 1104 Propertii
898 1059 938 1094 et
962 1067 1008 1098 ex
1034 1055 1262 1104 perturbato
1287 1066 1401 1104 quem
1427 1054 1561 1093 statuit

170 1122 258 1161 libri
280 1123 436 1161 secundi
457 1125 561 1161 statu
586 1113 790 1173 repetitur,
817 1135 891 1162 non
917 1135 1090 1173 magnam
1116 1135 1202 1163 esse
1227 1123 1456 1163 firmitatem.
1484 1122 1562 1162 Sed

171 1191 206 1230 ei
226 1193 451 1239 argumento
472 1203 519 1231 ne
538 1191 594 1230 illi
616 1192 782 1242 quidem,
810 1193 949 1242 quibus
981 1193 1145 1243 quinque
1172 1204 1243 1242 pro
1270 1196 1435 1243 quatuor
1454 1191 1563 1230 libris

170 1258 333 1309 placent,
361 1259 518 1299 multum
540 1261 725 1300 tribuunt.
758 1261 960 1300 Teuffelins
987 1265 1091 1301 certe
1116 1262 1155 1301 in
1180 1262 1339 1302 historia
1362 1261 1563 1300 literarum

173 1330 425 1368 Romanarum
444 1329 688 1378 (Geschichte
709 1331 778 1378 der
788 1331 1014 1370 Romischen
1027 1331 1220 1369 Literatur
1239 1342 1311 1369 von
1322 1331 1383 1370 W.
1396 1329 1433 1368 S.
1446 1328 1560 1368 Teuf-

172 1398 233 1437 fel.
259 1398 428 1446 Leipzig‚
455 1384 584 1447 1870)
600 1410 636 1447 p.
662 1400 758 1437 448.
786 1399 859 1437 hoc
881 1399 1019 1437 omisso
1040 1399 1189 1448 reliqua
1208 1401 1354 1438 tantum
1377 1398 1451 1437 duo
1472 1409 1561 1447 pro-

171 1467 257 1505 fert.
287 1466 457 1521 ‚Quorum
486 1466 516 1504 si
543 1477 675 1505 verum
704 1467 922 1516 quaerimus
949 1478 1021 1505 non
1054 1467 1176 1517 major
1200 1467 1258 1505 vis
1282 1469 1351 1505 est.
1385 1466 1438 1506 Ut
1462 1465 1561 1505 enim

172 1536 246 1574 iam
265 1535 314 1573 ad
336 1538 413 1573 tres
434 1534 518 1573 illos
538 1534 685 1573 libellos
706 1535 920 1582 veniamus;
953 1534 1055 1573 aliud
1078 1535 1194 1573 liber
1220 1537 1280 1573 est
1298 1534 1403 1573 aliud
1428 1534 1559 1573 libel·

172 1604 258 1650 lus;
282 1603 383 1651 quod
414 1602 618 1641 discrimen
646 1603 774 1651 attigit
798 1602 1036 1641 Brunnerius
1061 1603 1099 1640 in
1126 1603 1201 1641 illis
1228 1614 1324 1652 quae
1346 1602 1392 1641 de
1414 1602 1562 1642 Catullo

172 1672 325 1720 scripsit
354 1670 427 1720 (De
457 1670 591 1709 ordine
624 1674 663 1709 et
689 1671 922 1719 temporibus
952 1670 1164 1709 carminum
1194 1670 1337 1710 Catulli
1363 1681 1439 1709 scr.
1465 1670 1512 1709 E.
1541 1681 1563 1708 a

172 1740 335 1779 Bruner.
376 1739 420 1777 In
446 1739 554 1779 Actis
589 1735 791 1779 Societatis
828 1738 1077 1778 Scientiarum
1113 1738 1305 1778 Fennicae
1343 1742 1433 1778 tom.
1471 1738 1561 1778 VII.

171 1820 256 1858 pag.
290 1808 400 1858 603).
427 1808 527 1847 Huic
553 1808 650 1857 voci,
672 1808 809 1857 inquit,
841 1819 936 1857 quae
962 1808 1000 1846 in
1028 1818 1142 1846 versu
1169 1809 1192 1846 8
1219 1806 1280 1856 (G.
1307 1806 1355 1858 Ι.)
1384 1807 1561 1857 iteratur,

171 1877 391 1917 interiorem
412 1877 514 1916 illam
536 1876 622 1916 libri
647 1877 852 1926 notionem,
881 1875 1191 1926 significationem
1218 1876 1353 1925 scripti
1374 1875 1560 1926 operisve,

172 1945 379 1995 subjectam
407 1945 491 1984 ideo
511 1949 647 1994 putare
672 1957 747 1984 non
771 1946 873 1994 licet,
900 1945 988 1994 quia
1013 1945 1050 1982 in
1078 1956 1112 1982 v.
1139 1947 1176 1982 2.
1205 1945 1352 1993 species
1378 1945 1468 1984 libri
1493 1957 1560 1983 ex-

171 2019 279 2054 terna
298 2017 614 2052 commemoratur
636 2017 674 2053 et
693 2013 837 2053 idcirco
858 2014 905 2053 ad
927 2013 1083 2052 eandem
1104 2012 1142 2051 in
1164 2012 1294 2062 priore
1314 2024 1429 2053 versu
1449 2013 1562 2053 ambo

172 2083 287 2122 libelli
319 2082 489 2131 epitheta
520 2082 721 2121 referenda
751 2087 849 2121 sunt.
891 2083 1017 2130 Atque
1049 2081 1113 2119 ille
1150 2082 1303 2130 quidem
1333 2081 1380 2120 de
1412 2081 1563 2121 Catullo

171 2151 360 2201 loquitur:
385 2149 610 2200 Propertius
632 2154 760 2190 autem
781 2151 846 2200 qui
863 2149 1062 2200 quinquies
1079 2149 1251 2189 libellum
1267 2149 1364 2190 dicit
1378 2162 1563 2201 nusquam

172 2222 227 2260 ita
246 2220 340 2258 dicit
360 2231 430 2268 pro
451 2220 564 2268 libro,
585 2224 628 2259 ut
648 2223 797 2259 certum
819 2230 1013 2258 numerum
1037 2219 1273 2268 singularum
1294 2220 1503 2269 elegiarum
1522 2221 1560 2258 in

174 2300 286 2328 unum
318 2287 490 2328 volumen
522 2288 718 2328 redactum
751 2288 936 2337 simulque
962 2286 1105 2327 editum
1138 2288 1432 2338 complectatur3
1460 2291 1562 2328 certe

173 2368 357 2408 nusquam
378 2368 533 2397 necesse
554 2361 614 2397 est
634 2369 717 2397 eam
742 2357 816 2397 vim
847 2356 935 2396 huic
955 2356 1038 2396 voci
1064 2356 1323 2406 subiiciamus,
1345 2360 1386 2397 at
1411 2360 1470 2397 est
1495 2356 1562 2397 ubi

172 2427 276 2467 nullo
295 2428 407 2476 pacto
428 2425 551 2474 possit
571 2437 655 2465 esse
676 2426 860 2466 subiecta.
883 2425 979 2464 Nam
1001 2425 1103 2475 quod
1123 2426 1216 2465 dicit
1235 2425 1266 2475 I,
1294 2428 1357 2475 11,
1385 2427 1447 2464 19.
