<?xml version="1.0" encoding="UTF-8"?>
<!DOCTYPE html PUBLIC "-//W3C//DTD XHTML 1.0 Transitional//EN"
    "http://www.w3.org/TR/xhtml1/DTD/xhtml1-transitional.dtd">
<html xmlns="http://www.w3.org/1999/xhtml" xml:lang="en" lang="en">
 <head>
  <title>
</title>
<meta http-equiv="Content-Type" content="text/html;charset=utf-8" />
  <meta name='ocr-system' content='tesseract 3.04.00' />
  <meta name='ocr-capabilities' content='ocr_page ocr_carea ocr_par ocr_line ocrx_word'/>
</head>
<body>
  <div class='ocr_page' id='page_1' title='image "4737380_0036.png"; bbox 0 0 1862 2676; ppageno 0'>
   <div class='ocr_carea' id='block_1_1' title="bbox 912 93 1143 130">
    <p class='ocr_par' dir='ltr' id='par_1_1' title="bbox 912 93 1143 130">
     <span class='ocr_line' id='line_1_1' title="bbox 912 93 1143 130; baseline 0.004 -12"><span class='ocrx_word' id='word_1_1' title='bbox 912 93 1143 130; x_wconf 73' lang='lat'>—26.—</span> 
     </span>
    </p>
   </div>
   <div class='ocr_carea' id='block_1_2' title="bbox 311 202 1722 315">
    <p class='ocr_par' dir='ltr' id='par_1_2' title="bbox 311 202 1722 315">
     <span class='ocr_line' id='line_1_2' title="bbox 311 202 1722 258; baseline -0.001 -11"><span class='ocrx_word' id='word_1_2' title='bbox 311 208 444 258; x_wconf 84' lang='lat' dir='ltr'>‘magis</span> <span class='ocrx_word' id='word_1_3' title='bbox 467 210 685 257; x_wconf 88' lang='lat' dir='ltr'>suspectum</span> <span class='ocrx_word' id='word_1_4' title='bbox 707 210 784 255; x_wconf 88' lang='lat' dir='ltr'>est,</span> <span class='ocrx_word' id='word_1_5' title='bbox 817 217 928 256; x_wconf 83' lang='lat' dir='ltr'>quam</span> <span class='ocrx_word' id='word_1_6' title='bbox 951 206 1049 258; x_wconf 91' lang='lat' dir='ltr'>quod</span> <span class='ocrx_word' id='word_1_7' title='bbox 1070 205 1229 247; x_wconf 88' lang='lat' dir='ltr'>Ovidius</span> <span class='ocrx_word' id='word_1_8' title='bbox 1251 207 1410 247; x_wconf 86' lang='lat' dir='ltr'>diversis</span> <span class='ocrx_word' id='word_1_9' title='bbox 1431 206 1527 247; x_wconf 89' lang='lat' dir='ltr'>locis</span> <span class='ocrx_word' id='word_1_10' title='bbox 1549 218 1622 247; x_wconf 91' lang='lat' dir='ltr'>non</span> <span class='ocrx_word' id='word_1_11' title='bbox 1643 202 1722 246; x_wconf 84' lang='lat' dir='ltr'>dis-</span> 
     </span>
     <span class='ocr_line' id='line_1_3' title="bbox 324 276 1192 315; baseline -0.001 -1"><span class='ocrx_word' id='word_1_12' title='bbox 324 277 498 315; x_wconf 83' lang='lat' dir='ltr'>similiter</span> <span class='ocrx_word' id='word_1_13' title='bbox 519 288 558 315; x_wconf 89' lang='lat' dir='ltr'>se</span> <span class='ocrx_word' id='word_1_14' title='bbox 581 276 760 315; x_wconf 90' lang='lat' dir='ltr'>Sulmone</span> <span class='ocrx_word' id='word_1_15' title='bbox 783 277 984 315; x_wconf 89' lang='lat' dir='ltr'>oriundum</span> <span class='ocrx_word' id='word_1_16' title='bbox 1006 276 1192 314; x_wconf 83' lang='lat' dir='ltr'><strong>declarat:</strong></span> 
     </span>
    </p>
   </div>
   <div class='ocr_carea' id='block_1_3' title="bbox 323 366 1717 506">
    <p class='ocr_par' dir='ltr' id='par_1_3' title="bbox 323 366 1717 506">
     <span class='ocr_line' id='line_1_4' title="bbox 323 366 1647 433; baseline 0 -10"><span class='ocrx_word' id='word_1_17' title='bbox 323 384 426 423; x_wconf 87' lang='lat' dir='ltr'>Fast.</span> <span class='ocrx_word' id='word_1_18' title='bbox 449 384 519 433; x_wconf 93' lang='lat' dir='ltr'>IV,</span> <span class='ocrx_word' id='word_1_19' title='bbox 544 387 611 424; x_wconf 84' lang='lat'>80.</span> <span class='ocrx_word' id='word_1_20' title='bbox 637 384 827 423; x_wconf 89' lang='lat' dir='ltr'>Sulmonis</span> <span class='ocrx_word' id='word_1_21' title='bbox 848 366 975 433; x_wconf 56' lang='lat' dir='ltr'>gelidi·</span> <span class='ocrx_word' id='word_1_22' title='bbox 986 384 1145 433; x_wconf 84' lang='lat' dir='ltr'>patriae,</span> <span class='ocrx_word' id='word_1_23' title='bbox 1168 383 1406 433; x_wconf 85' lang='lat' dir='ltr'>Germanice,</span> <span class='ocrx_word' id='word_1_24' title='bbox 1428 387 1647 423; x_wconf 86' lang='lat' dir='ltr'>nostrae—</span> 
     </span>
     <span class='ocr_line' id='line_1_5' title="bbox 323 451 1717 506; baseline -0.001 -16"><span class='ocrx_word' id='word_1_25' title='bbox 323 453 437 491; x_wconf 88' lang='lat' dir='ltr'>Trist.</span> <span class='ocrx_word' id='word_1_26' title='bbox 461 453 530 503; x_wconf 91' lang='lat' dir='ltr'>IV,</span> <span class='ocrx_word' id='word_1_27' title='bbox 559 452 632 500; x_wconf 66' lang='lat'>10,</span> <span class='ocrx_word' id='word_1_28' title='bbox 648 454 685 490; x_wconf 85' lang='lat'>3.</span> <span class='ocrx_word' id='word_1_29' title='bbox 716 451 845 490; x_wconf 90' lang='lat' dir='ltr'>Sulmo</span> <span class='ocrx_word' id='word_1_30' title='bbox 867 452 957 490; x_wconf 91' lang='lat' dir='ltr'>mihi</span> <span class='ocrx_word' id='word_1_31' title='bbox 978 453 1104 500; x_wconf 86' lang='lat' dir='ltr'>patria</span> <span class='ocrx_word' id='word_1_32' title='bbox 1126 456 1184 492; x_wconf 83' lang='lat' dir='ltr'>est</span> <span class='ocrx_word' id='word_1_33' title='bbox 1204 452 1339 506; x_wconf 42' lang='lat' dir='ltr'>gelid-is</span> <span class='ocrx_word' id='word_1_34' title='bbox 1359 452 1575 491; x_wconf 90' lang='lat' dir='ltr'>uberrimus</span> <span class='ocrx_word' id='word_1_35' title='bbox 1596 451 1717 490; x_wconf 88' lang='lat' dir='ltr'>undis.</span> 
     </span>
    </p>
   </div>
   <div class='ocr_carea' id='block_1_4' title="bbox 321 560 945 608">
    <p class='ocr_par' dir='ltr' id='par_1_4' title="bbox 321 560 945 608">
     <span class='ocr_line' id='line_1_6' title="bbox 321 560 945 608; baseline 0 -10"><span class='ocrx_word' id='word_1_36' title='bbox 321 560 500 608; x_wconf 86' lang='lat' dir='ltr'>Pugnare</span> <span class='ocrx_word' id='word_1_37' title='bbox 521 562 620 599; x_wconf 88' lang='lat' dir='ltr'>inter</span> <span class='ocrx_word' id='word_1_38' title='bbox 642 572 681 598; x_wconf 88' lang='lat' dir='ltr'>se</span> <span class='ocrx_word' id='word_1_39' title='bbox 703 564 813 608; x_wconf 85' lang='lat' dir='ltr'>putat</span> <span class='ocrx_word' id='word_1_40' title='bbox 835 560 945 598; x_wconf 89' lang='lat' dir='ltr'>illud:</span> 
     </span>
    </p>
   </div>
   <div class='ocr_carea' id='block_1_5' title="bbox 438 644 1387 784">
    <p class='ocr_par' dir='ltr' id='par_1_5' title="bbox 438 644 1387 784">
     <span class='ocr_line' id='line_1_7' title="bbox 438 644 1358 704; baseline 0.001 -1"><span class='ocrx_word' id='word_1_41' title='bbox 438 666 532 704; x_wconf 83' lang='lat' dir='ltr'>Mox</span> <span class='ocrx_word' id='word_1_42' title='bbox 541 644 742 704; x_wconf 68' lang='lat' dir='ltr'>‘flbsbulla</span> <span class='ocrx_word' id='word_1_43' title='bbox 762 666 848 704; x_wconf 90' lang='lat' dir='ltr'>rudi</span> <span class='ocrx_word' id='word_1_44' title='bbox 869 665 1022 704; x_wconf 85' lang='lat' dir='ltr'>dimissa</span> <span class='ocrx_word' id='word_1_45' title='bbox 1044 670 1103 704; x_wconf 86' lang='lat' dir='ltr'>est</span> <span class='ocrx_word' id='word_1_46' title='bbox 1123 677 1239 704; x_wconf 89' lang='lat' dir='ltr'>aurea</span> <span class='ocrx_word' id='word_1_47' title='bbox 1261 665 1358 704; x_wconf 90' lang='grc'><strong>00110</strong></span> 
     </span>
     <span class='ocr_line' id='line_1_8' title="bbox 495 734 1387 784; baseline 0 -11"><span class='ocrx_word' id='word_1_48' title='bbox 495 734 634 773; x_wconf 87' lang='lat' dir='ltr'>Matris</span> <span class='ocrx_word' id='word_1_49' title='bbox 657 739 696 773; x_wconf 89' lang='lat' dir='ltr'>et</span> <span class='ocrx_word' id='word_1_50' title='bbox 717 739 804 773; x_wconf 86' lang='lat' dir='ltr'>ante</span> <span class='ocrx_word' id='word_1_51' title='bbox 827 734 918 773; x_wconf 85' lang='lat' dir='ltr'>deos</span> <span class='ocrx_word' id='word_1_52' title='bbox 939 734 1059 773; x_wconf 89' lang='lat' dir='ltr'>libera</span> <span class='ocrx_word' id='word_1_53' title='bbox 1082 738 1206 773; x_wconf 85' lang='lat' dir='ltr'>sumta</span> <span class='ocrx_word' id='word_1_54' title='bbox 1225 738 1314 784; x_wconf 86' lang='lat' dir='ltr'>toga</span> <span class='ocrx_word' id='word_1_55' title='bbox 1336 757 1387 762; x_wconf 93' lang='lat'><strong>—</strong></span> 
     </span>
    </p>
   </div>
   <div class='ocr_carea' id='block_1_6' title="bbox 318 839 1642 890">
    <p class='ocr_par' dir='ltr' id='par_1_6' title="bbox 318 839 1642 890">
     <span class='ocr_line' id='line_1_9' title="bbox 318 839 1642 890; baseline 0.002 -12"><span class='ocrx_word' id='word_1_56' title='bbox 318 845 357 879; x_wconf 79' lang='lat' dir='ltr'>et</span> <span class='ocrx_word' id='word_1_57' title='bbox 378 841 428 889; x_wconf 91' lang='lat' dir='ltr'>II,</span> <span class='ocrx_word' id='word_1_58' title='bbox 454 844 520 890; x_wconf 83' lang='lat'>24,</span> <span class='ocrx_word' id='word_1_59' title='bbox 547 843 612 880; x_wconf 86' lang='lat'>37.</span> <span class='ocrx_word' id='word_1_60' title='bbox 638 854 667 880; x_wconf 92' lang='lat' dir='ltr'>s.</span> <span class='ocrx_word' id='word_1_61' title='bbox 693 864 744 869; x_wconf 96' lang='lat'><strong>—</strong></span> <span class='ocrx_word' id='word_1_62' title='bbox 770 842 940 890; x_wconf 87' lang='lat' dir='ltr'>quamvis</span> <span class='ocrx_word' id='word_1_63' title='bbox 962 853 1031 880; x_wconf 89' lang='lat' dir='ltr'>nee</span> <span class='ocrx_word' id='word_1_64' title='bbox 1054 842 1236 890; x_wconf 86' lang='lat' dir='ltr'>sanguine</span> <span class='ocrx_word' id='word_1_65' title='bbox 1258 842 1357 880; x_wconf 82' lang='lat' dir='ltr'>avito</span> <span class='ocrx_word' id='word_1_66' title='bbox 1616 839 1642 866; x_wconf 67' lang='lat'>⁵</span> 
     </span>
    </p>
   </div>
   <div class='ocr_carea' id='block_1_7' title="bbox 495 910 1314 959">
    <p class='ocr_par' dir='ltr' id='par_1_7' title="bbox 495 910 1314 959">
     <span class='ocr_line' id='line_1_10' title="bbox 495 910 1314 959; baseline 0.002 -12"><span class='ocrx_word' id='word_1_67' title='bbox 495 910 642 948; x_wconf 86' lang='lat' dir='ltr'>Nobilis</span> <span class='ocrx_word' id='word_1_68' title='bbox 664 915 702 948; x_wconf 86' lang='lat' dir='ltr'>et</span> <span class='ocrx_word' id='word_1_69' title='bbox 723 911 894 959; x_wconf 87' lang='lat' dir='ltr'>quamvis</span> <span class='ocrx_word' id='word_1_70' title='bbox 917 922 990 948; x_wconf 91' lang='lat' dir='ltr'>non</span> <span class='ocrx_word' id='word_1_71' title='bbox 1011 911 1066 949; x_wconf 86' lang='lat' dir='ltr'>ita</span> <span class='ocrx_word' id='word_1_72' title='bbox 1088 910 1193 949; x_wconf 84' lang='lat' dir='ltr'>dives</span> <span class='ocrx_word' id='word_1_73' title='bbox 1217 921 1314 949; x_wconf 82' lang='lat' dir='ltr'>eraS.</span> 
     </span>
    </p>
   </div>
   <div class='ocr_carea' id='block_1_8' title="bbox 310 1004 1714 1872">
    <p class='ocr_par' dir='ltr' id='par_1_8' title="bbox 310 1004 1714 1872">
     <span class='ocr_line' id='line_1_11' title="bbox 404 1004 1712 1054; baseline 0.001 -12"><span class='ocrx_word' id='word_1_74' title='bbox 404 1004 501 1042; x_wconf 83' lang='lat' dir='ltr'>Nam</span> <span class='ocrx_word' id='word_1_75' title='bbox 531 1017 576 1042; x_wconf 83' lang='lat' dir='ltr'>ex</span> <span class='ocrx_word' id='word_1_76' title='bbox 603 1005 781 1043; x_wconf 88' lang='lat' dir='ltr'>inferiore</span> <span class='ocrx_word' id='word_1_77' title='bbox 808 1006 888 1044; x_wconf 92' lang='grc'><strong>1000</strong></span> <span class='ocrx_word' id='word_1_78' title='bbox 911 1007 1014 1044; x_wconf 84' lang='lat' dir='ltr'>cerni</span> <span class='ocrx_word' id='word_1_79' title='bbox 1035 1006 1279 1054; x_wconf 85' lang='lat' dir='ltr'>Propertium</span> <span class='ocrx_word' id='word_1_80' title='bbox 1302 1006 1468 1053; x_wconf 87' lang='lat' dir='ltr'>equitem</span> <span class='ocrx_word' id='word_1_81' title='bbox 1489 1016 1564 1043; x_wconf 92' lang='lat' dir='ltr'>non</span> <span class='ocrx_word' id='word_1_82' title='bbox 1585 1004 1712 1052; x_wconf 89' lang='lat' dir='ltr'>fuisse;</span> 
     </span>
     <span class='ocr_line' id='line_1_12' title="bbox 316 1073 1713 1124; baseline 0.001 -12"><span class='ocrx_word' id='word_1_83' title='bbox 316 1073 509 1122; x_wconf 85' lang='lat' dir='ltr'>superiore</span> <span class='ocrx_word' id='word_1_84' title='bbox 531 1073 736 1123; x_wconf 85' lang='lat' dir='ltr'>significari</span> <span class='ocrx_word' id='word_1_85' title='bbox 763 1075 942 1124; x_wconf 84' lang='lat' dir='ltr'>equitem.</span> <span class='ocrx_word' id='word_1_86' title='bbox 995 1074 1114 1124; x_wconf 82' lang='lat' dir='ltr'>Quam</span> <span class='ocrx_word' id='word_1_87' title='bbox 1146 1075 1195 1114; x_wconf 86' lang='lat' dir='ltr'>ad</span> <span class='ocrx_word' id='word_1_88' title='bbox 1227 1074 1441 1124; x_wconf 91' lang='lat' dir='ltr'>opinionem</span> <span class='ocrx_word' id='word_1_89' title='bbox 1471 1073 1713 1114; x_wconf 83' lang='lat' dir='ltr'>refellendam</span> 
     </span>
     <span class='ocr_line' id='line_1_13' title="bbox 315 1143 1714 1193; baseline 0.001 -13"><span class='ocrx_word' id='word_1_90' title='bbox 315 1154 382 1181; x_wconf 87' lang='lat' dir='ltr'>nos</span> <span class='ocrx_word' id='word_1_91' title='bbox 404 1154 477 1181; x_wconf 90' lang='lat' dir='ltr'>non</span> <span class='ocrx_word' id='word_1_92' title='bbox 498 1143 535 1182; x_wconf 91' lang='lat' dir='ltr'>id</span> <span class='ocrx_word' id='word_1_93' title='bbox 557 1144 826 1192; x_wconf 84' lang='lat' dir='ltr'>protulerimus</span> <span class='ocrx_word' id='word_1_94' title='bbox 849 1144 949 1193; x_wconf 89' lang='lat' dir='ltr'>quod</span> <span class='ocrx_word' id='word_1_95' title='bbox 970 1144 1286 1192; x_wconf 86' lang='lat' dir='ltr'>Luettiohannes,</span> <span class='ocrx_word' id='word_1_96' title='bbox 1318 1144 1570 1192; x_wconf 87' lang='lat' dir='ltr'>horoscopum</span> <span class='ocrx_word' id='word_1_97' title='bbox 1590 1144 1714 1182; x_wconf 90' lang='lat' dir='ltr'>omnia</span> 
     </span>
     <span class='ocr_line' id='line_1_14' title="bbox 313 1211 1712 1260; baseline 0.001 -12"><span class='ocrx_word' id='word_1_98' title='bbox 313 1222 515 1259; x_wconf 81' lang='lat' dir='ltr'>exaugere,</span> <span class='ocrx_word' id='word_1_99' title='bbox 539 1212 605 1250; x_wconf 90' lang='lat' dir='ltr'>sed</span> <span class='ocrx_word' id='word_1_100' title='bbox 637 1212 729 1250; x_wconf 93' lang='lat' dir='ltr'>illud</span> <span class='ocrx_word' id='word_1_101' title='bbox 761 1212 983 1260; x_wconf 88' lang='lat' dir='ltr'>repetimus,</span> <span class='ocrx_word' id='word_1_102' title='bbox 1007 1212 1108 1260; x_wconf 89' lang='lat' dir='ltr'>quod</span> <span class='ocrx_word' id='word_1_103' title='bbox 1130 1223 1247 1260; x_wconf 89' lang='lat' dir='ltr'>supra</span> <span class='ocrx_word' id='word_1_104' title='bbox 1268 1211 1446 1260; x_wconf 82' lang='lat' dir='ltr'>diximus,</span> <span class='ocrx_word' id='word_1_105' title='bbox 1469 1211 1712 1260; x_wconf 89' lang='lat' dir='ltr'>Propertium</span> 
     </span>
     <span class='ocr_line' id='line_1_15' title="bbox 314 1278 1712 1328; baseline 0.001 -11"><span class='ocrx_word' id='word_1_106' title='bbox 314 1291 387 1317; x_wconf 92' lang='lat' dir='ltr'>non</span> <span class='ocrx_word' id='word_1_107' title='bbox 417 1278 533 1317; x_wconf 90' lang='lat' dir='ltr'>fuisse</span> <span class='ocrx_word' id='word_1_108' title='bbox 568 1280 732 1328; x_wconf 87' lang='lat' dir='ltr'>equitem</span> <span class='ocrx_word' id='word_1_109' title='bbox 764 1280 875 1317; x_wconf 88' lang='lat' dir='ltr'>nullis</span> <span class='ocrx_word' id='word_1_110' title='bbox 906 1280 1115 1318; x_wconf 88' lang='lat' dir='ltr'>rationibus</span> <span class='ocrx_word' id='word_1_111' title='bbox 1137 1291 1247 1328; x_wconf 90' lang='lat' dir='ltr'>posse</span> <span class='ocrx_word' id='word_1_112' title='bbox 1269 1280 1451 1318; x_wconf 86' lang='lat' dir='ltr'>convinci.</span> <span class='ocrx_word' id='word_1_113' title='bbox 1506 1280 1712 1318; x_wconf 89' lang='lat' dir='ltr'>Praeterea</span> 
     </span>
     <span class='ocr_line' id='line_1_16' title="bbox 313 1347 1708 1396; baseline 0 -11"><span class='ocrx_word' id='word_1_114' title='bbox 313 1351 439 1385; x_wconf 89' lang='lat' dir='ltr'>tamen</span> <span class='ocrx_word' id='word_1_115' title='bbox 471 1347 510 1385; x_wconf 89' lang='lat' dir='ltr'>id</span> <span class='ocrx_word' id='word_1_116' title='bbox 541 1347 652 1385; x_wconf 89' lang='lat' dir='ltr'>etiam</span> <span class='ocrx_word' id='word_1_117' title='bbox 684 1348 907 1395; x_wconf 87' lang='lat' dir='ltr'>notandum,</span> <span class='ocrx_word' id='word_1_118' title='bbox 951 1347 1051 1396; x_wconf 88' lang='lat' dir='ltr'>quod</span> <span class='ocrx_word' id='word_1_119' title='bbox 1086 1347 1362 1395; x_wconf 87' lang='lat' dir='ltr'>Hertzbergius</span> <span class='ocrx_word' id='word_1_120' title='bbox 1392 1347 1560 1396; x_wconf 81' lang='lat' dir='ltr'>(Quaest.</span> <span class='ocrx_word' id='word_1_121' title='bbox 1595 1347 1708 1395; x_wconf 91' lang='lat' dir='ltr'>Prop.</span> 
     </span>
     <span class='ocr_line' id='line_1_17' title="bbox 312 1415 1710 1463; baseline 0.001 -10"><span class='ocrx_word' id='word_1_122' title='bbox 312 1426 347 1463; x_wconf 90' lang='lat' dir='ltr'>p.</span> <span class='ocrx_word' id='word_1_123' title='bbox 375 1416 457 1463; x_wconf 88' lang='lat'>14.)</span> <span class='ocrx_word' id='word_1_124' title='bbox 490 1415 618 1463; x_wconf 83' lang='lat' dir='ltr'>docet,</span> <span class='ocrx_word' id='word_1_125' title='bbox 651 1415 725 1453; x_wconf 90' lang='lat' dir='ltr'>illis</span> <span class='ocrx_word' id='word_1_126' title='bbox 753 1416 986 1463; x_wconf 88' lang='lat' dir='ltr'>temporibus</span> <span class='ocrx_word' id='word_1_127' title='bbox 1007 1416 1066 1454; x_wconf 90' lang='lat' dir='ltr'>ius</span> <span class='ocrx_word' id='word_1_128' title='bbox 1088 1427 1228 1454; x_wconf 83' lang='lat' dir='ltr'>aureae</span> <span class='ocrx_word' id='word_1_129' title='bbox 1252 1415 1375 1454; x_wconf 88' lang='lat' dir='ltr'>bullae</span> <span class='ocrx_word' id='word_1_130' title='bbox 1397 1416 1565 1463; x_wconf 88' lang='lat' dir='ltr'>equestri</span> <span class='ocrx_word' id='word_1_131' title='bbox 1586 1415 1710 1454; x_wconf 89' lang='lat' dir='ltr'>ordini</span> 
     </span>
     <span class='ocr_line' id='line_1_18' title="bbox 312 1482 1708 1531; baseline 0 -11"><span class='ocrx_word' id='word_1_132' title='bbox 312 1495 385 1521; x_wconf 92' lang='lat' dir='ltr'>non</span> <span class='ocrx_word' id='word_1_133' title='bbox 407 1482 525 1520; x_wconf 88' lang='lat' dir='ltr'>fuisse</span> <span class='ocrx_word' id='word_1_134' title='bbox 548 1487 798 1521; x_wconf 83' lang='lat' dir='ltr'>reservatum.</span> <span class='ocrx_word' id='word_1_135' title='bbox 851 1483 948 1521; x_wconf 88' lang='lat' dir='ltr'>Nam</span> <span class='ocrx_word' id='word_1_136' title='bbox 976 1483 1088 1521; x_wconf 89' lang='lat' dir='ltr'>Plinii</span> <span class='ocrx_word' id='word_1_137' title='bbox 1114 1483 1198 1521; x_wconf 85' lang='lat' dir='ltr'>loco</span> <span class='ocrx_word' id='word_1_138' title='bbox 1221 1483 1286 1531; x_wconf 91' lang='lat' dir='ltr'>qui</span> <span class='ocrx_word' id='word_1_139' title='bbox 1306 1483 1344 1520; x_wconf 91' lang='lat' dir='ltr'>in</span> <span class='ocrx_word' id='word_1_140' title='bbox 1364 1483 1460 1520; x_wconf 90' lang='lat' dir='ltr'>hanc</span> <span class='ocrx_word' id='word_1_141' title='bbox 1483 1484 1708 1522; x_wconf 87' lang='lat' dir='ltr'>sententiam</span> 
     </span>
     <span class='ocr_line' id='line_1_19' title="bbox 311 1549 1706 1600; baseline 0 -11"><span class='ocrx_word' id='word_1_142' title='bbox 311 1550 489 1589; x_wconf 89' lang='lat' dir='ltr'>laudatur</span> <span class='ocrx_word' id='word_1_143' title='bbox 500 1551 564 1600; x_wconf 75' lang='lat' dir='ltr'>(H.</span> <span class='ocrx_word' id='word_1_144' title='bbox 578 1551 624 1590; x_wconf 90' lang='lat' dir='ltr'>N.</span> <span class='ocrx_word' id='word_1_145' title='bbox 638 1551 819 1599; x_wconf 88' lang='lat' dir='ltr'>XXXIII,</span> <span class='ocrx_word' id='word_1_146' title='bbox 833 1553 890 1600; x_wconf 85' lang='lat'>4.)</span> <span class='ocrx_word' id='word_1_147' title='bbox 905 1551 968 1590; x_wconf 89' lang='lat' dir='ltr'>ille</span> <span class='ocrx_word' id='word_1_148' title='bbox 986 1551 1141 1590; x_wconf 89' lang='lat' dir='ltr'>Asconii</span> <span class='ocrx_word' id='word_1_149' title='bbox 1158 1551 1275 1590; x_wconf 90' lang='lat' dir='ltr'>verba</span> <span class='ocrx_word' id='word_1_150' title='bbox 1291 1551 1339 1589; x_wconf 87' lang='lat' dir='ltr'>ad</span> <span class='ocrx_word' id='word_1_151' title='bbox 1353 1549 1544 1589; x_wconf 89' lang='lat' dir='ltr'>Ciceronis</span> <span class='ocrx_word' id='word_1_152' title='bbox 1557 1551 1642 1589; x_wconf 89' lang='lat' dir='ltr'>Act.</span> <span class='ocrx_word' id='word_1_153' title='bbox 1656 1551 1706 1589; x_wconf 90' lang='lat' dir='ltr'>II.</span> 
     </span>
     <span class='ocr_line' id='line_1_20' title="bbox 311 1618 1708 1669; baseline 0 -14"><span class='ocrx_word' id='word_1_154' title='bbox 311 1618 426 1656; x_wconf 86' lang='lat' dir='ltr'>Verr.</span> <span class='ocrx_word' id='word_1_155' title='bbox 450 1619 480 1666; x_wconf 90' lang='lat' dir='ltr'>I,</span> <span class='ocrx_word' id='word_1_156' title='bbox 505 1630 536 1656; x_wconf 94' lang='grc'>0.</span> <span class='ocrx_word' id='word_1_157' title='bbox 564 1620 629 1657; x_wconf 86' lang='grc'>58.</span> <span class='ocrx_word' id='word_1_158' title='bbox 654 1620 820 1667; x_wconf 89' lang='lat' dir='ltr'>opponit,</span> <span class='ocrx_word' id='word_1_159' title='bbox 845 1620 924 1667; x_wconf 93' lang='lat' dir='ltr'>qui,</span> <span class='ocrx_word' id='word_1_160' title='bbox 947 1619 1066 1657; x_wconf 85' lang='lat' dir='ltr'>Simul</span> <span class='ocrx_word' id='word_1_161' title='bbox 1088 1631 1173 1657; x_wconf 91' lang='lat' dir='ltr'>cum</span> <span class='ocrx_word' id='word_1_162' title='bbox 1195 1622 1407 1669; x_wconf 77' lang='lat' dir='ltr'>praetexta,</span> <span class='ocrx_word' id='word_1_163' title='bbox 1431 1619 1569 1667; x_wconf 91' lang='lat' dir='ltr'>inquit,</span> <span class='ocrx_word' id='word_1_164' title='bbox 1593 1619 1708 1656; x_wconf 84' lang='lat' dir='ltr'>etiam</span> 
     </span>
     <span class='ocr_line' id='line_1_21' title="bbox 312 1685 1708 1736; baseline 0 -13"><span class='ocrx_word' id='word_1_165' title='bbox 312 1685 410 1724; x_wconf 89' lang='lat' dir='ltr'>bulla</span> <span class='ocrx_word' id='word_1_166' title='bbox 438 1686 615 1735; x_wconf 86' lang='lat' dir='ltr'>suspendi</span> <span class='ocrx_word' id='word_1_167' title='bbox 637 1687 674 1724; x_wconf 91' lang='lat' dir='ltr'>in</span> <span class='ocrx_word' id='word_1_168' title='bbox 696 1687 793 1725; x_wconf 88' lang='lat' dir='ltr'>collo</span> <span class='ocrx_word' id='word_1_169' title='bbox 816 1686 1022 1725; x_wconf 88' lang='lat' dir='ltr'>infantibus</span> <span class='ocrx_word' id='word_1_170' title='bbox 1043 1687 1217 1736; x_wconf 84' lang='lat' dir='ltr'>ingenuis</span> <span class='ocrx_word' id='word_1_171' title='bbox 1239 1686 1336 1725; x_wconf 87' lang='lat' dir='ltr'>solet</span> <span class='ocrx_word' id='word_1_172' title='bbox 1356 1697 1487 1734; x_wconf 87' lang='lat' dir='ltr'>aurea,</span> <span class='ocrx_word' id='word_1_173' title='bbox 1519 1685 1708 1724; x_wconf 89' lang='lat' dir='ltr'>libertinis</span> 
     </span>
     <span class='ocr_line' id='line_1_22' title="bbox 312 1753 1708 1803; baseline 0 -11"><span class='ocrx_word' id='word_1_174' title='bbox 312 1759 472 1793; x_wconf 86' lang='lat' dir='ltr'>scortea.</span> <span class='ocrx_word' id='word_1_175' title='bbox 496 1753 602 1802; x_wconf 79' lang='lat' dir='ltr'>Quod</span> <span class='ocrx_word' id='word_1_176' title='bbox 619 1767 710 1793; x_wconf 87' lang='lat' dir='ltr'>vero</span> <span class='ocrx_word' id='word_1_177' title='bbox 730 1755 940 1803; x_wconf 66' lang='lat' dir='ltr'>Carutfius,</span> <span class='ocrx_word' id='word_1_178' title='bbox 965 1766 1060 1802; x_wconf 86' lang='lat' dir='ltr'>quae</span> <span class='ocrx_word' id='word_1_179' title='bbox 1076 1756 1298 1803; x_wconf 86' lang='lat' dir='ltr'>Propertius</span> <span class='ocrx_word' id='word_1_180' title='bbox 1321 1754 1410 1792; x_wconf 88' lang='lat' dir='ltr'>alibi</span> <span class='ocrx_word' id='word_1_181' title='bbox 1431 1754 1478 1792; x_wconf 89' lang='lat' dir='ltr'>de</span> <span class='ocrx_word' id='word_1_182' title='bbox 1500 1756 1618 1793; x_wconf 87' lang='lat' dir='ltr'>otiosa</span> <span class='ocrx_word' id='word_1_183' title='bbox 1640 1766 1708 1792; x_wconf 86' lang='lat' dir='ltr'>sua</span> 
     </span>
     <span class='ocr_line' id='line_1_23' title="bbox 310 1822 1239 1872; baseline 0 -12"><span class='ocrx_word' id='word_1_184' title='bbox 310 1822 387 1861; x_wconf 90' lang='lat' dir='ltr'>vita</span> <span class='ocrx_word' id='word_1_185' title='bbox 408 1825 556 1870; x_wconf 86' lang='lat' dir='ltr'>narrat,</span> <span class='ocrx_word' id='word_1_186' title='bbox 579 1834 747 1872; x_wconf 86' lang='lat' dir='ltr'>pugnare</span> <span class='ocrx_word' id='word_1_187' title='bbox 769 1827 880 1872; x_wconf 86' lang='lat' dir='ltr'>putat</span> <span class='ocrx_word' id='word_1_188' title='bbox 901 1835 985 1862; x_wconf 91' lang='lat' dir='ltr'>cum</span> <span class='ocrx_word' id='word_1_189' title='bbox 1008 1835 1063 1862; x_wconf 79' lang='lat' dir='ltr'>VS.</span> <span class='ocrx_word' id='word_1_190' title='bbox 1091 1824 1184 1861; x_wconf 86' lang='lat'>139.</span> <span class='ocrx_word' id='word_1_191' title='bbox 1210 1834 1239 1861; x_wconf 88' lang='lat' dir='ltr'>s.</span> 
     </span>
    </p>
   </div>
   <div class='ocr_carea' id='block_1_9' title="bbox 426 1929 1399 2046">
    <p class='ocr_par' dir='ltr' id='par_1_9' title="bbox 426 1929 1399 2046">
     <span class='ocr_line' id='line_1_24' title="bbox 426 1929 1399 1978; baseline 0 -11"><span class='ocrx_word' id='word_1_192' title='bbox 426 1930 522 1968; x_wconf 82' lang='lat' dir='ltr'>Nam</span> <span class='ocrx_word' id='word_1_193' title='bbox 544 1930 615 1968; x_wconf 89' lang='lat' dir='ltr'>tibi</span> <span class='ocrx_word' id='word_1_194' title='bbox 637 1930 816 1968; x_wconf 85' lang='lat' dir='ltr'>victrices</span> <span class='ocrx_word' id='word_1_195' title='bbox 839 1942 1083 1978; x_wconf 81' lang='lat' dir='ltr'>quascunque</span> <span class='ocrx_word' id='word_1_196' title='bbox 1106 1930 1233 1968; x_wconf 86' lang='lat' dir='ltr'>labore</span> <span class='ocrx_word' id='word_1_197' title='bbox 1254 1929 1399 1977; x_wconf 85' lang='lat' dir='ltr'>parasti</span> 
     </span>
     <span class='ocr_line' id='line_1_25' title="bbox 483 1997 1204 2046; baseline 0.001 -11"><span class='ocrx_word' id='word_1_198' title='bbox 483 1998 621 2035; x_wconf 90' lang='lat' dir='ltr'>Eludet</span> <span class='ocrx_word' id='word_1_199' title='bbox 644 1997 787 2045; x_wconf 84' lang='lat' dir='ltr'>palmas</span> <span class='ocrx_word' id='word_1_200' title='bbox 810 2010 884 2036; x_wconf 89' lang='lat' dir='ltr'>una</span> <span class='ocrx_word' id='word_1_201' title='bbox 905 1998 1029 2046; x_wconf 90' lang='lat' dir='ltr'>puella</span> <span class='ocrx_word' id='word_1_202' title='bbox 1050 2003 1135 2036; x_wconf 90' lang='lat' dir='ltr'>tuas</span> <span class='ocrx_word' id='word_1_203' title='bbox 1149 2018 1204 2025; x_wconf 91' lang='lat'>——</span> 
     </span>
    </p>
   </div>
   <div class='ocr_carea' id='block_1_10' title="bbox 309 2105 626 2142">
    <p class='ocr_par' dir='ltr' id='par_1_10' title="bbox 309 2105 626 2142">
     <span class='ocr_line' id='line_1_26' title="bbox 309 2105 626 2142; baseline 0 -1"><span class='ocrx_word' id='word_1_204' title='bbox 309 2109 451 2142; x_wconf 88' lang='lat' dir='ltr'>etcum</span> <span class='ocrx_word' id='word_1_205' title='bbox 480 2105 572 2142; x_wconf 85' lang='lat'>133.</span> <span class='ocrx_word' id='word_1_206' title='bbox 598 2114 626 2141; x_wconf 88' lang='lat' dir='ltr'>s.</span> 
     </span>
    </p>
   </div>
   <div class='ocr_carea' id='block_1_11' title="bbox 424 2201 1401 2320">
    <p class='ocr_par' dir='ltr' id='par_1_11' title="bbox 424 2201 1401 2320">
     <span class='ocr_line' id='line_1_27' title="bbox 424 2201 1401 2259; baseline -0.001 -10"><span class='ocrx_word' id='word_1_207' title='bbox 424 2211 518 2250; x_wconf 89' lang='lat' dir='ltr'>Tum</span> <span class='ocrx_word' id='word_1_208' title='bbox 541 2211 612 2249; x_wconf 82' lang='lat' dir='ltr'>tibi</span> <span class='ocrx_word' id='word_1_209' title='bbox 634 2222 756 2259; x_wconf 86' lang='lat' dir='ltr'>pauca</span> <span class='ocrx_word' id='word_1_210' title='bbox 772 2201 845 2249; x_wconf 75' lang='lat' dir='ltr'>‘suo</span> <span class='ocrx_word' id='word_1_211' title='bbox 867 2212 913 2250; x_wconf 84' lang='lat' dir='ltr'>cle</span> <span class='ocrx_word' id='word_1_212' title='bbox 936 2212 1100 2250; x_wconf 83' lang='lat' dir='ltr'>carmine</span> <span class='ocrx_word' id='word_1_213' title='bbox 1123 2211 1244 2249; x_wconf 87' lang='lat' dir='ltr'>dictat</span> <span class='ocrx_word' id='word_1_214' title='bbox 1265 2210 1401 2259; x_wconf 89' lang='lat' dir='ltr'>Apollo</span> 
     </span>
     <span class='ocr_line' id='line_1_28' title="bbox 483 2281 1297 2320; baseline 0 -2"><span class='ocrx_word' id='word_1_215' title='bbox 483 2281 534 2318; x_wconf 89' lang='lat' dir='ltr'>Et</span> <span class='ocrx_word' id='word_1_216' title='bbox 554 2286 659 2319; x_wconf 85' lang='lat' dir='ltr'>vetat</span> <span class='ocrx_word' id='word_1_217' title='bbox 682 2282 811 2319; x_wconf 91' lang='lat' dir='ltr'>insano</span> <span class='ocrx_word' id='word_1_218' title='bbox 832 2282 950 2320; x_wconf 85' lang='lat' dir='ltr'>verba</span> <span class='ocrx_word' id='word_1_219' title='bbox 971 2286 1104 2319; x_wconf 86' lang='lat' dir='ltr'>tonare</span> <span class='ocrx_word' id='word_1_220' title='bbox 1127 2281 1208 2319; x_wconf 86' lang='lat' dir='ltr'>foro</span> <span class='ocrx_word' id='word_1_221' title='bbox 1224 2303 1273 2309; x_wconf 96' lang='lat'>—</span> <span class='ocrx_word' id='word_1_222' title='bbox 1291 2293 1297 2318; x_wconf 90' lang='lat'>:</span> 
     </span>
    </p>
   </div>
   <div class='ocr_carea' id='block_1_12' title="bbox 306 2384 1703 2505">
    <p class='ocr_par' dir='ltr' id='par_1_12' title="bbox 306 2384 1703 2505">
     <span class='ocr_line' id='line_1_29' title="bbox 306 2384 1702 2438; baseline -0.001 -14"><span class='ocrx_word' id='word_1_223' title='bbox 306 2391 409 2426; x_wconf 88' lang='lat' dir='ltr'>recte</span> <span class='ocrx_word' id='word_1_224' title='bbox 431 2398 515 2425; x_wconf 91' lang='lat' dir='ltr'>eum</span> <span class='ocrx_word' id='word_1_225' title='bbox 537 2388 836 2427; x_wconf 84' lang='lat' dir='ltr'>Luettiohannes</span> <span class='ocrx_word' id='word_1_226' title='bbox 858 2394 969 2438; x_wconf 83' lang='lat' dir='ltr'>negat</span> <span class='ocrx_word' id='word_1_227' title='bbox 990 2389 1060 2427; x_wconf 89' lang='lat' dir='ltr'>hos</span> <span class='ocrx_word' id='word_1_228' title='bbox 1083 2400 1215 2427; x_wconf 85' lang='lat' dir='ltr'>versus</span> <span class='ocrx_word' id='word_1_229' title='bbox 1235 2387 1479 2426; x_wconf 86' lang='lat' dir='ltr'>intellexisse.</span> <span class='ocrx_word' id='word_1_230' title='bbox 1503 2384 1601 2424; x_wconf 89' lang='lat' dir='ltr'>Nam</span> <span class='ocrx_word' id='word_1_231' title='bbox 1622 2385 1702 2433; x_wconf 86' lang='lat' dir='ltr'>pal-</span> 
     </span>
     <span class='ocr_line' id='line_1_30' title="bbox 306 2453 1703 2505; baseline -0.001 -13"><span class='ocrx_word' id='word_1_232' title='bbox 306 2466 385 2493; x_wconf 89' lang='lat' dir='ltr'>mae</span> <span class='ocrx_word' id='word_1_233' title='bbox 412 2466 485 2493; x_wconf 91' lang='lat' dir='ltr'>non</span> <span class='ocrx_word' id='word_1_234' title='bbox 512 2455 667 2494; x_wconf 83' lang='lat' dir='ltr'>bellicae</span> <span class='ocrx_word' id='word_1_235' title='bbox 690 2457 866 2495; x_wconf 84' lang='lat' dir='ltr'>suntsed</span> <span class='ocrx_word' id='word_1_236' title='bbox 887 2457 1108 2505; x_wconf 85' lang='lat' dir='ltr'>amatoriae,</span> <span class='ocrx_word' id='word_1_237' title='bbox 1140 2459 1293 2494; x_wconf 87' lang='lat' dir='ltr'>vetatur</span> <span class='ocrx_word' id='word_1_238' title='bbox 1324 2460 1452 2494; x_wconf 86' lang='lat' dir='ltr'>autem</span> <span class='ocrx_word' id='word_1_239' title='bbox 1479 2453 1703 2501; x_wconf 86' lang='lat' dir='ltr'>Propertius</span> 
     </span>
    </p>
   </div>
  </div>
 </body>
</html>
