1862 2676
758 88 986 125 -69-

184 202 294 241 abest
312 205 355 237 ut
374 199 423 238 ad
437 211 580 239 ‘novum
595 205 800 241 amatorem
819 203 1066 242 irretiendum
1082 201 1321 241 referendum
1345 201 1408 249 sit,
1432 204 1562 239 utnon

184 268 308 319 possit
333 267 408 306 nisi
432 266 479 306 de
504 269 712 316 capto'iam
743 274 916 309 amatore
944 271 1080 319 aecipi3
1114 270 1145 309 si
1178 270 1330 319 quidem
1361 270 1408 308 de
1436 280 1566 307 amore

184 337 318 376 audire
349 341 504 386 oportet
529 348 636 390 eum,
668 338 732 386 qui
773 337 855 386 ipse
886 349 926 376 se
956 338 1180 386 magist-rum
1212 338 1354 376 amoris
1385 337 1566 385 nominat,

185 404 359 444 Ovidium
381 404 479 453 dico,
501 405 566 453 qui
585 405 632 443 A.
655 405 701 444 A.
724 405 775 453 II,
800 407 866 443 91.

298 510 335 550 N
338 522 384 549 on
406 510 499 550 satis
520 514 590 558 est,
611 510 748 559 inquit,
768 489 914 549 venisse
935 510 1006 549 tibi
1027 522 1086 548 me
1108 513 1192 549 vate
1214 509 1388 559 puellam.

356 580 452 618 Arte
473 590 555 618 mea
575 583 686 629 capta
706 582 786 617 est:
809 584 893 618 arte
914 579 1077 618 tenenda
1097 590 1180 618 mea
1200 582 1270 617 est.

181 686 278 724 Item
298 697 370 724 non
394 686 434 724 in
460 686 607 724 initium
634 686 786 734 amoris,
819 685 886 724 sed
915 686 954 723 in
984 684 1247 725 confirmatum
1278 686 1352 723 iam
1384 688 1423 723 et
1444 685 1562 724 stabi-

182 753 290 791 litum
311 765 477 792 amorem
498 765 542 792 ea
562 753 714 802 cadunt,
742 765 837 801 quae
857 754 917 792 his
943 754 1116 792 versibus
1141 753 1440 802 praecipiuntur.
1471 752 1563 791 Sua-

183 821 297 859 detur
316 822 427 869 enim,
449 827 491 860 ut
511 822 684 860 rivalium
707 827 828 859 metus
848 822 1064 865 amantibus,
1082 821 1282 860 afferatur:
1305 825 1345 858 at
1369 820 1564 858 audiamus

182 900 316 927 rursus
337 889 496 928 eundem
517 889 694 928 Ovidium
716 889 760 926 A.
785 889 830 926 A.
852 888 923 936 ΙΙΙ,
948 890 1043 926 591.
1066 899 1116 926 ss.

296 1006 394 1043 Dum
416 1005 519 1043 cadit
539 1005 577 1042 in
598 1005 751 1053 laqueos
772 1009 905 1053 captus
926 1016 1075 1054 quoque
1098 1017 1219 1053 nuper
1238 1007 1394 1053 amator,

354 1071 483 1111 Solum
504 1084 544 1110 se
564 1073 748 1111 thalamos
768 1077 894 1121 speret
909 1073 1048 1112 habere
1068 1077 1166 1112 tuos.

294 1140 497 1179 Postmodo
518 1140 677 1178 rivalem
698 1140 914 1188 partitaque
935 1140 1090 1179 foedera
1110 1141 1202 1178 lecti

355 1208 502 1246 Sentiat
519 1237 528 1245 .
550 1208 618 1245 has
639 1211 742 1245 artes
764 1207 875 1254 tolle3
898 1211 1071 1246 senescet
1091 1219 1209 1245 amor.

179 1325 307 1372 Atque
328 1324 459 1362 eadem
481 1324 665 1362 sententia
684 1324 757 1362 iam
778 1324 882 1371 prius
903 1335 926 1362 a
944 1335 999 1362 vs.
1024 1326 1118 1362 559.
1143 1323 1354 1372 exponitur.
1378 1323 1480 1370 Ergo
1502 1323 1563 1361 his

180 1392 351 1430 versibus
372 1391 418 1429 de
440 1391 571 1429 eodem
596 1394 765 1429 amatore
786 1397 901 1438 atque
927 1391 1185 1440 superioribus
1207 1391 1444 1440 disputatur-3
1472 1401 1562 1428 con-

181 1463 404 1498 sentaneum
425 1464 551 1497 autem
572 1463 641 1507 est,
668 1462 867 1507 postquam
894 1459 939 1497 de
961 1459 1107 1497 artibus
1133 1459 1314 1507 pecuniae
1333 1458 1562 1506 colligendae

178 1527 320 1566 dictum
343 1527 406 1576 sit,
429 1527 565 1575 quibus
585 1526 733 1565 artibus
754 1530 902 1565 amator
922 1526 1166 1565 nihilominus
1188 1527 1399 1565 retineatur
1419 1526 1561 1574 doceri,

180 1596 428 1643 similiterque
452 1594 608 1634 Ovidius
629 1598 831 1644 antequam
858 1607 903 1634 ea
928 1606 1022 1644 quae
1048 1595 1245 1633 attulimus
1270 1595 1498 1644 praescribit
1518 1594 1563 1632 de

179 1663 397 1702 muneribus
422 1663 652 1710 accipiendis
682 1663 862 1711 loquitur,
895 1664 964 1700 etsi
996 1663 1029 1700 is
1056 1663 1206 1711 quidem
1239 1667 1372 1712 poetas
1397 1663 1562 1701 carmina

178 1742 252 1770 non
274 1742 433 1769 munera
453 1730 593 1769 debere
620 1730 798 1769 declarat.
831 1731 884 1768 At
908 1730 1066 1780 poximis
1098 1730 1268 1768 versibus
1294 1742 1369 1768 non
1395 1730 1441 1768 de
1468 1730 1561 1768 diri—

178 1799 327 1848 piendis
350 1799 543 1837 veteribus
569 1799 634 1836 sed
662 1799 708 1837 de
737 1798 916 1847 eligendis
947 1799 1052 1836 novis
1084 1796 1330 1836 amatoribus‘
1348 1799 1407 1846 agi
1438 1798 1560 1845 quivis

176 1865 288 1905 facile
307 1866 526 1915 perspiciet,
550 1866 615 1914 qui
636 1877 699 1904 eos
721 1866 922 1914 diligenter
941 1865 1168 1914 perlegerit:

252 1985 319 2023 47.
350 1983 495 2022 Ianitor
515 1982 563 2022 ad
584 1982 718 2021 dantes
739 1982 893 2032 vigilet:
916 1983 948 2021 si
968 1982 1092 2032 pulset
1112 1982 1234 2021 inanis

410 2051 555 2091 Surdus
575 2051 614 2089 in
636 2052 836 2090 obductam
859 2052 1018 2090 somniet
1039 2063 1158 2100 usqne
1180 2062 1312 2090 seram.

351 2120 432 2159 Nec
451 2120 521 2158 tibi
543 2120 739 2169 displiceat
759 2120 867 2158 miles
888 2131 962 2159 non
981 2119 1103 2159 factus
1124 2120 1255 2168 amori,

409 2188 625 2226 Nauta‘nec
647 2188 780 2226 attrita
800 2189 832 2226 si
853 2189 950 2226 ferat
969 2200 1059 2227 aera
1078 2199 1203 2235 mana,

352 2255 431 2293 Aut
453 2267 611 2303 quarum
632 2255 767 2294 titulus
788 2267 858 2305 per
877 2256 1039 2294 barbara
1060 2255 1153 2294 colla
1173 2252 1361 2304 pependit,

411 2322 556 2362 Caelati
576 2323 700 2361 medio
722 2335 806 2363 cum
827 2325 976 2363 saluere
996 2323 1089 2361 foro.

178 2440 357 2480 Ordinem
384 2440 502 2488 igitur
527 2445 816 2490 praeceptorum
847 2440 1076 2480 contrarium
1101 2443 1212 2487 atque
1239 2438 1278 2476 in
1315 2440 1407 2477 Arte
1433 2436 1557 2476 Ovidii
