1862 2676
755 59 982 98 -43-

177 185 247 215 nec
259 183 353 213 cum
369 172 466 212 urbe
481 173 555 212 alia
569 177 809 223 comparetur
828 178 869 214 et
886 171 969 214 cum
991 175 1091 214 omni
1111 175 1204 214 orbe
1220 179 1413 215 terrarum
1430 185 1561 223 super-

114 257 116 259 *
177 242 293 282 lativo
324 240 527 296 maxime,
563 251 635 280 non
665 242 919 291 comparativo
950 241 1068 289 fuerit
1097 243 1367 292 comparanda;
1399 245 1446 281 et
1469 242 1565 281 illud

178 320 314 360 parum
333 309 511 357 perspici,
534 319 607 358 quo
628 309 785 348 consilio
801 309 1026 357 Propertius
1042 311 1196 349 Troiam
1216 311 1276 349 dis
1297 307 1471 350 secundis
1490 309 1563 348 Pe-

178 381 284 417 nates
304 387 395 415 suos
426 376 465 414 in
490 375 639 415 Italia-m
669 364 771 416 dicat
801 377 965 426 misisse,
998 389 1084 416 cum
1111 378 1311 417 ostendere
1334 379 1498 418 -studeat
1517 389 1563 417 ex

177 445 348 495 parvulis
377 444 496 482 initiis
527 448 565 482 et
594 444 766 484 aedificia
789 448 829 483 et
858 456 965 484 sacra
990 445 1161 484 Romana
1193 445 1564 495 magnificentissime

179 517 290 553 aucta
310 524 407 551 esse.
432 512 567 560 Neque
593 513 690 551 enim
719 523 800 551 cum
827 512 965 552 Iacobo
992 517 1094 552 recte
1119 514 1236 553 statui
1257 514 1408 553 Troiam
1431 514 1506 554 diei
1526 516 1564 553 in

178 586 322 620 terram
348 583 426 619 tam
456 580 556 619 bello
586 581 772 619 valentem
803 580 898 619 bene
930 579 1158 630 confugisse,
1190 582 1279 630 quia
1310 593 1378 621 nec
1409 583 1565 622 bellicae

179 650 431 688 Romanorum
461 649 623 686 virtutes
653 648 835 696 proximis
864 649 1037 687 versibus
1069 650 1334 688 describantur
1365 662 1486 699 neque
1518 663 1563 689 ea

181 717 369 756 sententia
388 727 473 755 cum
494 715 685 764 Propertii
705 716 861 755 consilio
883 720 1085 765 congruat3
1111 728 1182 767 nec
1201 717 1402 756 Krahnero
1422 718 1563 765 (Philo-

180 785 257 832 log.
298 784 371 822 vol.
403 783 563 823 XXVII.
605 795 642 832 p.
672 785 740 832 64)
780 795 869 822 vere
894 783 1014 822 videri
1040 783 1157 823 Urbis
1192 785 1487 833 magnitudinem
1519 798 1566 824 ex

177 851 341 901 pristina
360 851 600 900 simplicitate
622 855 660 889 et
681 851 839 889 deorum
864 851 1110 889 Troianorum
1133 852 1388 901 Iuliorumque
1415 854 1565 892 numine

178 919 328 967 deduci,
359 920 537 966 quoniam
568 930 643 956 non
673 918 808 967 quibus
839 919 962 957 causis
984 930 1074 967 opes
1104 919 1296 957 Romanae
1330 924 1477 959 tantum
1498 921 1566 959 ad-

178 989 314 1026 auctae
340 985 429 1035 sint,
466 985 534 1024 sed
554 986 734 1024 adauctas
760 996 843 1024 esse
870 990 1094 1035 exponatur.
1125 986 1232 1035 Quae
1254 988 1380 1026 omnia
1400 999 1474 1026 non
1495 988 1568 1027 dif-

177 1054 277 1094 ficile
298 1056 449 1094 videtur
469 1055 628 1094 diluere.
650 1054 747 1093 Nam
767 1055 852 1093 huc
877 1052 1066 1099 δεικτικῶς
1096 1056 1262 1104 positum
1288 1056 1421 1095 eodem
1456 1047 1570 1096 modo*

178 1123 227 1163 ad
247 1124 406 1163 Romam
427 1122 669 1162 referendum
690 1125 749 1161 est
769 1124 883 1171 atque
905 1122 986 1160 hoc
1007 1123 1047 1160 in
1066 1134 1123 1160 vs.
1146 1125 1180 1160 1.
1205 1127 1244 1161 et
1264 1123 1374 1162 haec
1395 1124 1434 1162 in
1450 1136 1504 1162 vs.
1528 1127 1564 1164 3.

179 1197 218 1231 et
237 1192 340 1233 hinc
360 1192 398 1229 111
412 1203 448 1230 v.
470 1193 551 1238 31.,
571 1202 667 1238 quae
688 1191 813 1229 omnia
833 1191 1128 1230 demonstrativa
1149 1191 1236 1230 ideo
1256 1196 1449 1240 ponuntur
1470 1194 1568 1242 quod

179 1260 339 1299 dicentis
358 1259 466 1298 locus
488 1257 733 1308 significatur.
756 1258 917 1297 Melius
937 1264 1064 1297 autem
1082 1270 1168 1297 cum
1185 1259 1336 1308 dicitur,
1355 1271 1428 1298 non
1446 1260 1564 1299 Roma

180 1339 304 1376 neque
325 1339 411 1366 cum
431 1328 527 1366 urbe
548 1327 621 1366 alia
641 1338 711 1365 nec
732 1338 817 1365 cum
839 1328 940 1365 omni
968 1328 1060 1365 orbe
1085 1327 1292 1376 confertur,
1319 1330 1384 1368 sed
1410 1330 1444 1367 is
1465 1341 1567 1368 com—

181 1398 377 1447 parativus
398 1409 482 1436 cum
507 1395 1032 1446 profugos—coniungendas
1059 1401 1131 1445 est,
1158 1401 1201 1435 ut
1225 1396 1389 1436 Penates
1415 1396 1569 1436 Troiani

179 1465 395 1515 profugisse
415 1465 553 1503 melius
573 1476 687 1514 quam
703 1465 839 1503 Troiae
860 1465 1042 1503 mansisse
1064 1465 1249 1503 dicantur.
1267 1453 1568 1504 Similiter'idem

183 1533 408 1572 vocabulum
438 1545 523 1572 cum
555 1534 741 1572 attributo
773 1534 832 1571 vel
862 1534 1036 1582 apposito
1068 1534 1236 1582 iungitur
1266 1534 1403 1573 Horat.
1433 1533 1475 1573 C.
1498 1534 1565 1582 111,

186 1603 224 1649 3,
247 1603 316 1640 49.
341 1613 371 1640 S.
395 1602 545 1640 Aurum
564 1601 794 1650 irrepertum
819 1606 858 1639 et
884 1601 938 1639 sic
963 1600 1097 1639 melius
1124 1602 1238 1640 situm
1264 1600 1360 1640 Cum
1381 1606 1487 1640 terra
1506 1613 1566 1641 ce-

181 1669 248 1716 lat,
270 1680 451 1717 spernere
472 1667 623 1707 fortior.
646 1668 881 1706 Manentes
906 1673 1031 1705 autem
1054 1680 1101 1705 ex
1127 1668 1346 1717 profugos
1374 1680 1451 1707 non
1473 1668 1568 1707 diffi-

183 1736 294 1775 cilius
313 1736 540 1784 intelligitur
561 1746 673 1784 quam
694 1734 1029 1773 innumerabilibus
1049 1735 1123 1773 illis
1140 1735 1249 1784 locis,
1266 1735 1331 1774 ubi
1352 1747 1450 1775 unus
1466 1748 1570 1775 com-

183 1804 380 1854 parativus
401 1804 554 1853 dicitur,
576 1804 738 1842 alterum
758 1807 800 1841 ut
820 1801 960 1842 addant
973 1803 1184 1852 legentibus
1200 1804 1442 1853 relinquitur,
1465 1809 1509 1843 ut
1528 1806 1567 1843 in
1619 1805 1621 1807 ’

182 1873 265 1922 ipso
285 1872 350 1912 illo
370 1871 579 1911 Horatiano
600 1870 826 1910 versu-Nec
847 1871 938 1909 mihi
960 1871 1114 1910 dubium
1129 1871 1291 1920 videtur,
1312 1871 1344 1909 si
1359 1871 1398 1910 id
1415 1872 1568 1911 omnino

182 1942 317 1990 quaeri
338 1945 502 1990 oportet,
534 1951 603 1978 cur
628 1939 765 1988 quibus
796 1939 920 1977 causis
951 1950 1012 1977 res
1034 1939 1224 1978 Romanae
1249 1939 1481 1978 increverint
1502 1951 1568 1978 ex-

183 2012 355 2058 ponatur.
380 2008 476 2048 Cum
497 2008 596 2047 enim
617 2001 811 2056 Rom‘ulus,
832 2018 945 2056 quem
965 2007 1054 2056 lupa
1074 2006 1279 2056 significari
1299 2010 1474 2055 apertum
1495 2012 1567 2057 est,

181 2089 257 2116 non
282 2077 483 2126 pudendus
512 2076 628 2115 Urbis
657 2075 832 2114 conditor
864 2080 965 2114 esset
995 2075 1132 2124 dictus,
1166 2075 1439 2114 ostendendum
1472 2080 1568 2124 erat⁷

184 2156 253 2184 cur
273 2144 356 2183 eius
375 2156 451 2183 non
474 2144 637 2193 puderet
657 2154 807 2193 quoque
829 2143 892 2182 ille
914 2143 1036 2191 modo,
1064 2143 1234 2192 quamvis
1259 2143 1379 2192 ipsius
1401 2154 1493 2192 opes
1513 2130 1577 2182 111-Ι

181 2212 421 2250 firmissimae
444 2217 582 2260 essent,
601 2212 803 2260 plurimum
818 2215 943 2249 tamen
964 2211 1012 2249 ad
1033 2215 1206 2259 posteras
1223 2222 1314 2258 opes
1331 2211 1566 2250 contulisset.

181 2280 239 2320 Ob
261 2280 299 2319 id
321 2280 446 2329 ipsum
466 2291 535 2328 per
561 2291 647 2319 eum
667 2284 705 2318 et
727 2291 810 2319 cum
833 2290 877 2318 eo
900 2279 1004 2318 Deos
1026 2278 1207 2317 Troianos
1228 2277 1393 2329 fatisque
1413 2279 1571 2330 promis-

184 2359 264 2386 sam
297 2347 592 2396 magnitudinem
622 2348 773 2395 imperii
803 2347 959 2385 Romam
1000 2347 1222 2384 translat-am
1259 2351 1438 2385 narratur
1451 2377 1459 2391 ‚
1497 2359 1571 2394 qua
