1862 2676
289 189 555 237 sputabamus,
593 191 634 226 et
665 198 751 226 mox
782 198 870 226 cum
911 184 1066 226 contra*
1085 169 1412 229 Luettiohannem'
1446 189 1523 227 erit
1561 189 1691 229 dicen-

289 256 380 294 dum
400 266 534 294 rursus
560 254 787 294 videbimus.
814 254 959 293 Mirum
986 265 1077 293 vero
1103 255 1267 294 alterum
1292 256 1386 295 illud
1411 260 1689 306 argumentum,
1754 279 1756 281 >

288 323 388 372 quod
416 327 532 373 negat
556 323 731 362 versibus
758 325 833 362 121
861 346 918 351 —
943 326 1037 362 126.
1072 323 1281 372 quidquam
1311 324 1439 363 afferri
1465 329 1619 373 praeter
1644 337 1690 364 ea

290 402 386 440 quae
408 391 439 439 I,
459 389 532 441 ’22,
563 393 585 430 3
616 412 672 418 —
704 392 768 429 10.
796 395 952 429 narrata
978 391 1068 429 sint.
1098 390 1207 439 Quod
1234 392 1346 440 quale
1373 392 1424 430 sit
1450 403 1522 441 quo
1549 391 1690 431 clarius

288 459 544 508 perspiciatur
563 459 690 508 placet
709 459 771 497 hic
793 462 996 508 utrumque
1012 459 1142 507 ‚logum
1162 469 1399 508 proponere:

289 556 321 605 Ι,
347 559 415 605 22,
446 559 467 595 3
492 579 548 584 —-
575 558 639 595 10.
664 556 704 595 Si
725 556 916 595 Perusina
936 555 1006 594 tibi
1029 555 1176 604 patriae
1197 561 1286 594 sunt
1307 561 1399 595 nota
1420 556 1608 606 sepulcra,

716 624 852 663 Italiae
875 624 981 662 duris
1002 622 1137 662 funera
1156 624 1405 672 temporibus,

661 691 756 730 Cum
778 691 950 730 Romana
970 703 1060 729 suos
1081 692 1160 739 egit
1180 691 1371 730 discordia
1392 692 1493 731 cives

720 758 791 809 (Sit
811 759 903 797 mihi
924 759 1129 808 praecipue
1151 760 1276 807 pulvis
1297 759 1463 799 Etrusca
1483 759 1606 798 dolor:

660 828 716 866 Tu
737 828 911 877 proiecta
927 828 1002 866 mei
1022 839 1205 876 perpessa
1225 839 1265 866 es
1281 828 1453 867 membra
1468 827 1686 878 propinqui,

720 896 778 934 Tu
801 896 904 934 nullo
926 896 1059 934 miseri
1081 896 1250 944 contegis
1272 907 1360 934 ossa
1379 896 1487 944 solo),

661 964 844 1001 Proxima
865 963 1065 1012 supposito
1087 964 1309 1012 contingens
1330 962 1489 1002 Umbria
1510 974 1643 1012 campo

718 1030 785 1068 Me
806 1030 940 1079 genuit
960 1031 1076 1068 terris
1097 1029 1236 1068 fertilis
1260 1030 1455 1069 uberibus.

289 1118 360 1166 IV,
378 1121 454 1157 121
473 1140 526 1147 —
543 1121 638 1157 126.
661 1119 823 1157 Umbria
842 1124 881 1157 te
902 1120 1003 1157 notis
1025 1119 1183 1167 antiqua
1203 1119 1414 1157 Penatibus
1436 1119 1528 1157 edit.

722 1186 920 1226 Mentior?
942 1198 989 1225 an
1010 1186 1157 1235 patriae
1179 1187 1351 1235 tangitur
1371 1197 1439 1225 ora
1459 1190 1562 1234 tuae,

662 1255 744 1303 Qua
763 1255 949 1293 nebulosa
969 1267 1062 1293 cavo
1084 1258 1191 1293 rorat
1210 1254 1389 1293 Mevania
1411 1266 1543 1302 campo

719 1323 773 1360 Et
793 1324 897 1361 lacus
919 1323 1073 1361 aestivis
1093 1323 1243 1371 intepet
1261 1321 1407 1361 Umber
1427 1323 1547 1370 aquis,

662 1390 965 1439 Scandentisque
986 1391 1089 1429 Asisi
1111 1390 1311 1439 consurgit
1331 1390 1478 1430 vertice
1499 1402 1645 1439 murus,

721 1458 863 1497 Murus
884 1458 933 1497 ab
954 1458 1107 1507 ingenio
1129 1458 1256 1496 notior
1276 1457 1343 1496 ille
1364 1462 1442 1496 tuo.

342 1581 345 1583 -
379 1556 511 1604 Quivis
535 1554 646 1594 facile
670 1556 773 1594 videt
793 1556 991 1604 superiore
1017 1555 1184 1594 carmine
1209 1555 1304 1593 nihil
1329 1555 1471 1604 aperiri
1493 1555 1565 1594 nisi
1586 1556 1624 1594 in
1646 1567 1691 1594 ea

290 1627 402 1672 parte
423 1622 607 1662 Umbriae
633 1634 730 1672 quae
756 1623 804 1661 ab
832 1634 926 1671 agro
951 1623 1142 1661 Perusino
1169 1634 1245 1660 non
1270 1622 1381 1671 longe
1407 1622 1571 1661 distaret
1592 1627 1631 1661 et
1651 1623 1690 1660 in

292 1690 394 1729 edito
415 1690 578 1739 quodam
593 1690 677 1729 loco
698 1695 830 1729 natum
852 1702 933 1729 esse
948 1690 1208 1739 Propertium,
1230 1691 1269 1728 in
1286 1690 1408 1729 altero
1426 1701 1507 1729 eam
1525 1690 1691 1739 patriam

290 1762 369 1806 aut,
392 1759 424 1797 si
448 1758 569 1797 Asisi
594 1770 679 1796 cum
706 1759 875 1797 Luciano
900 1758 1091 1797 Mueller-o
1116 1758 1178 1797 vel
1203 1769 1288 1796 cum
1308 1758 1565 1806 Hertzbergio
1586 1759 1691 1797 Asis

290 1827 486 1875 scribitur,
510 1826 663 1865 nomine
685 1826 854 1876 proprio,
876 1830 945 1865 aut
965 1830 1091 1865 tamen
1107 1826 1323 1865 Mevanatis
1354 1826 1435 1875 agri
1452 1829 1491 1864 et
1509 1825 1691 1865 Clitumni

290 1895 592 1944 propinquitate,
625 1895 656 1933 si
689 1894 870 1933 Italorum
897 1895 1092 1934 inventum
1115 1895 1236 1933 arcis
1267 1893 1501 1944 praefertur,
1525 1893 1687 1933 definiri.

291 1963 473 2002 Fortasse
494 1963 638 2002 ibidem
674 1962 839 2001 familiae
862 1963 1042 2011 splendor
1069 1962 1318 2012 significatur,
1346 1963 1378 2001 si
1399 1962 1552 2011 quidem
1572 1962 1694 2001 Pena-

292 2035 351 2069 tes
378 2035 487 2069 notos
514 2030 561 2069 de
588 2033 681 2069 nota
706 2029 850 2069 familia
876 2030 967 2069 licet
998 2031 1189 2080 accipere.
1229 2030 1465 2080 Quamquam
1488 2041 1575 2068 cum
1602 2030 1693 2069 alibi

292 2111 445 2147 quoque
466 2099 633 2137 Penates
655 2099 701 2137 de
729 2099 856 2147 patria
877 2099 1062 2147 dicantur,
1085 2103 1129 2137 ut
1149 2099 1182 2146 Ι,
1206 2101 1273 2146 22,
1299 2102 1334 2137 1.
1362 2098 1511 2146 (Qualis
1532 2102 1572 2137 et
1591 2098 1692 2137 unde

293 2178 434 2215 genus,
477 2167 541 2215 qui
584 2166 660 2205 sint
690 2167 800 2215 mihi,
844 2167 972 2215 Tulle,
1013 2166 1194 2215 Penates)
1233 2166 1379 2205 Auson.
1431 2165 1691 2205 Praefatiunc.

293 2234 451 2284 Syagrio
476 2237 542 2274 33.
575 2236 826 2284 (Thessaliam
849 2235 1076 2284 Thebasque
1108 2246 1196 2273 suos
1226 2235 1396 2273 habuere
1418 2234 1611 2284 Penates),
1645 2245 1692 2272 ne

292 2303 355 2342 hic
379 2303 532 2351 quidem
554 2304 759 2354 quidquam
783 2304 911 2343 obstat
942 2304 1033 2352 quin
1064 2303 1211 2352 patriae
1237 2302 1372 2342 famam
1396 2303 1562 2341 indicari
1583 2305 1693 2351 pute-

294 2384 390 2410 mus.
414 2371 520 2420 Ergo
541 2383 609 2410 nec
632 2384 729 2421 quae
750 2377 923 2421 pugnent
955 2373 1056 2410 inter
1082 2383 1123 2410 se
1144 2378 1231 2410 sunt
1256 2373 1293 2409 in
1314 2372 1373 2410 his
1394 2371 1502 2419 locis,
1526 2375 1569 2409 ut
1588 2371 1694 2419 prius

297 2444 432 2478 eontra
454 2438 667 2477 Caruttium
690 2440 901 2487 docuimus,
924 2451 993 2478 nec
1014 2450 1110 2487 quae
1131 2440 1241 2488 plane
1268 2440 1345 2478 sint
1366 2440 1510 2478 eadem.
1533 2438 1586 2478 At
1609 2442 1693 2477 tan-
