1862 2676
286 156 352 173 ”
368 167 461 215 ιιι,
456 162 589 221 Haeo
588 165 760 215 quidem
777 174 865 223 cum
894 166 1170 216 superioribus,
1195 165 1334 215 inquit,
1361 176 1438 204 uon
1463 176 1555 204 sane

158 214 415 293 nvssy'fflb‘eue
419 223 572 273 coeunt.
595 231 695 274 Illic
704 229 820 274 enlin
825 232 1011 284 desperat
1024 235 1199 284 amator,
1233 231 1385 287 puellae
1410 231 1556 272 infideli

162 296 280 352 cedit,
303 301 512 353 Cupidines
532 313 574 341 se
594 302 766 355 omnibus
789 301 944 352 spiculis
961 303 1018 342 ita
1035 306 1081 342 ut
1103 311 1262 352 prorsus
1287 306 1423 351 pereat
1443 301 1556 341 eonfi-

160 381 254 420 gere
274 369 397 410 iubet:
420 381 520 409 nunc
540 373 698 419 repente
717 370 840 410 solum
859 381 904 410 ac
919 370 1035 410 viduo
1051 373 1139 420 toro
1154 371 1347 410 victurum
1362 381 1447 410 sese
1464 381 1555 420 pro-

163 439 295 478 mittit.
319 437 422 487 Quae
443 438 715 488 Hertzbergius
739 439 834 478 adeo
843 466 857 489 ,η
881 444 924 478 ut
945 439 1106 479 verbum
1135 438 1278 478 addere
1297 437 1461 488 'longum
1492 440 1555 489 sit,

165 507 239 547 sibi
264 507 416 557 probari
447 506 656 558 profitetur.
691 507 823 547 Omnis
848 508 968 557 igitur
993 520 1056 547 res
1080 508 1120 546 in
1146 507 1345 547 affectibus
1369 508 1555 555 vertitur3

164 588 253 617 vere
277 577 343 616 illa
368 577 624 627 disputantur,
655 577 688 616 si
714 581 783 617 aut
806 577 929 617 nullae
961 589 1088 617 eorum
1115 576 1395 617 vicissitudines
1423 577 1558 617 iisdem

164 645 391 685 carminibus
411 646 677 695 exprimuntur
697 649 763 684 aut
783 649 890 685 certe
909 646 943 684 is
964 646 1030 695 qui
1049 646 1111 684 hic
1132 646 1303 684 cernitur
1320 646 1415 685 ordo
1436 650 1475 685 et
1494 657 1556 685 se-

165 714 242 753 ries
263 713 465 753 affectuum
494 726 579 754 esse
605 725 680 753 non
706 717 851 764 potest:
887 715 945 753 sin
970 714 1086 753 iidem
1111 713 1268 753 affectus
1291 714 1381 754 alibi
1407 726 1559 765 quoque

169 782 300 822 eodem
320 782 453 822 ordine
473 784 571 822 alter
591 783 755 822 alterum
781 782 986 832 excipient,
1013 782 1077 821 hic
1104 782 1220 821 etiam
1243 782 1352 821 locus
1373 784 1475 822 omni
1494 795 1555 823 re-

164 851 416 902 prehensione
447 852 609 891 vacabit.
637 850 715 890 Sed
740 852 918 890 universe
944 851 1140 900 disputare
1167 851 1214 890 de
1241 862 1420 891 sensuum
1444 855 1558 902 atque

164 920 368 959 affectuum
398 920 584 959 varietate
608 920 684 958 iam
709 930 1038 969 supervacaneum
1063 922 1132 958 est.
1170 919 1258 958 Etsi
1285 920 1386 958 euim
1409 920 1498 959 olim
1518 921 1557 959 in

163 989 235 1029 hac
256 989 369 1028 etiam
389 991 434 1028 ut
453 989 493 1028 in
512 988 642 1028 multis
658 988 740 1028 sine
756 999 870 1028 causa
890 988 1016 1027 haesit
1043 986 1556 1040 Hofmann-Peerlkampius‚

165 1069 251 1096 cum
271 1057 424 1096 Horatii
445 1058 612 1097 carmina
631 1057 838 1107 depravare
865 1059 1023 1096 conatus
1050 1060 1125 1106 est3
1152 1059 1353 1106 postquam
1371 1057 1556 1107 Naegels-

166 1126 323 1165 bachius
344 1126 391 1165 de
412 1137 458 1165 ea
478 1125 687 1175 disputavit
708 1126 757 1165 ad
767 1125 861 1165 Hor.
873 1123 917 1164 C.
929 1124 962 1174 I,
982 1125 1047 1164 37.
1061 1124 1110 1175 (*)
1130 1127 1170 1163 et
1190 1125 1350 1165 eandem
1370 1125 1557 1165 rationem

165 1194 421 1234 Doederlinus
446 1194 495 1233 ad
515 1194 609 1234 Hor.
634 1194 676 1233 G.
699 1193 752 1243 Π,
778 1196 849 1233 ⁴13.
875 1193 1068 1232 adhibuit:
1102 1193 1185 1243 quis
1211 1193 1373 1243 dubitet,
1400 1194 1491 1244 quin
1517 1199 1559 1234 ut

166 1266 292 1302 motus
312 1264 369 1302 illi
388 1263 599 1302 animorum
619 1262 780 1301 maxime
800 1262 1079 1301 adumbrentur
1097 1262 1153 1301 ita
1169 1262 1338 1302 carmina
1361 1267 1560 1313 praestan-

167 1332 312 1374 tissima
341 1335 380 1370 et
408 1331 687 1381 perfectissima
725 1330 975 1370 existimanda
1008 1331 1108 1369 sint?
1148 1331 1248 1370 Nam
1286 1343 1409 1381 neque
1442 1333 1558 1371 animi

167 1411 330 1449 unquam
350 1400 504 1438 humani
523 1400 578 1438 ita
598 1400 718 1449 quieti
738 1411 783 1438 ac
803 1399 933 1449 potius
958 1398 1101 1448 torpidi
1121 1402 1212 1437 sunt
1229 1402 1275 1438 ut
1293 1400 1386 1439 nihil
1405 1412 1555 1441 movea-

159 1471 242 1518 tur,
265 1480 387 1517 neque
407 1468 561 1507 habitus
581 1479 716 1507 eorum
735 1467 967 1506 carminibus
987 1478 1080 1506 vere
1101 1466 1335 1518 referuntur,
1353 1469 1427 1508 nisi
1441 1470 1557 1510 variis

167 1537 341 1576 sensibus
372 1540 556 1575 ornantur
588 1541 628 1576 et
662 1536 962 1585 distinguuntur.
1006 1536 1211 1575 Videamus
1249 1537 1369 1587 igitur
1410 1539 1456 1578 de
1486 1539 1557 1579 hac

167 1606 287 1655 elegia
307 1606 542 1655 singillatim.
583 1605 736 1645 Perfida
755 1617 796 1645 es
813 1604 990 1656 Cynthia,
1016 1605 1140 1655 iuquit
1164 1605 1389 1656 Propertius
1409 1608 1464 1658 (1.
1489 1609 1556 1669 2.),

167 1678 299 1714 contra
314 1686 359 1714 ac
380 1675 570 1724 Penelope
600 1678 640 1713 et
659 1675 805 1713 Briseis
835 1676 890 1724 (3.
919 1676 1012 1725 18.)‚
1032 1678 1111 1713 tam
1131 1674 1290 1725 perfida,
1312 1679 1357 1715 ut
1377 1688 1447 1716 nec
1469 1677 1556 1717 bre-

167 1744 361 1782 vissimum
372 1746 524 1793 tempus
535 1755 646 1783 vaces
656 1745 691 1793 (1
703 1746 742 1793 9,
757 1743 854 1792 20.)‚
864 1755 935 1782 nec
946 1743 1036 1793 quid
1047 1743 1180 1783 deceat
1190 1755 1349 1793 quaeras
1360 1746 1425 1794 (21
1436 1777 1444 1785 .
1460 1747 1556 1796 22.),

226 1944 265 1982 (*)
281 1943 450 1974 Munchner
465 1944 612 1974 Gelehrte
627 1943 785 1981 Anzeigen
808 1944 891 1974 1842.
907 1943 945 1974 N.
963 1943 1025 1973 183.
1043 1942 1071 1972 S.
1086 1943 1153 1973 437.
1173 1942 1313 1974 Drittens
1327 1946 1489 1977 wunschen
1504 1947 1559 1977 wir

168 2002 225 2023 von
240 1993 298 2024 den
313 1993 484 2031 Auslegern
499 1993 530 2022 in
545 1992 604 2023 den
619 1992 705 2023 Oden
719 1992 873 2031 dasjenige
889 1991 1024 2023 scharfer
1043 1992 1090 2022 ins
1105 1991 1192 2029 Auge
1214 1991 1336 2031 gefasst,
1350 2002 1410 2025 was
1430 1996 1484 2025 wir
1500 2005 1558 2027 uns

169 2043 314 2073 erlauben
329 2042 379 2072 die
394 2042 525 2081 lyrische
540 2042 706 2081 Handluug
719 2051 757 2072 zu
771 2050 899 2072 neuneu.
919 2041 987 2071 Wir
1002 2041 1163 2071 verstehen
1178 2041 1324 2072 darunter
1338 2042 1399 2074 den
1416 2044 1556 2076 Wechsel

168 2091 230 2121 und
243 2091 429 2121 Fortschritt
448 2091 503 2121 der
518 2091 694 2129 Stimmung,
719 2091 768 2121 die
789 2091 959 2128 Bewegung
978 2089 1039 2119 und
1059 2089 1117 2119 den
1132 2089 1264 2120 Verlauf
1279 2090 1334 2121 der
1353 2091 1482 2124 Gefuhle
1504 2094 1557 2125 des

168 2140 319 2170 Dichters.
334 2139 376 2169 Es
391 2140 514 2170 bleiben
530 2140 595 2170 sich
610 2140 693 2171 diese
708 2140 739 2170 in
754 2139 854 2169 vielen
869 2139 952 2169 Oden
967 2138 1051 2168 nicht
1065 2137 1180 2176 gleich3
1196 2147 1229 2168 es
1243 2139 1317 2177 geht
1330 2140 1492 2172 innerhalb
1505 2142 1559 2173 des

169 2187 278 2218 Liedes
303 2191 393 2218 etwas
413 2198 476 2218 vor.
491 2205 531 2210 —
545 2189 587 2218 Et
605 2198 687 2219 mox:
708 2189 772 2219 Das
786 2180 1033 2218 Vorhandensein
1052 2186 1127 2217 oder
1146 2186 1262 2217 Fehlen
1281 2187 1383 2219 dieser
1402 2189 1557 2229 lyrischen

169 2236 335 2274 Handlung
348 2246 429 2267 muss
443 2237 584 2267 relevant
597 2238 716 2268 werden
731 2238 781 2267 fur
800 2237 850 2267 die
864 2237 979 2266 hohere
999 2235 1164 2266 besonders
1184 2236 1370 2268 asthetische
1385 2238 1489 2269 Kritik
1503 2240 1556 2270 des

169 2285 331 2322 Dichters;
344 2285 424 2314 deun
438 2294 526 2315 wenn
539 2286 593 2316 wir
608 2295 666 2316 uns
686 2286 764 2316 auch
780 2286 875 2316 durch
889 2285 1030 2315 letzteres
1045 2284 1129 2314 nicht
1144 2284 1240 2314 sofort
1253 2285 1432 2317 bestimmen
1448 2287 1555 2325 lassen,

170 2335 236 2365 eine
252 2334 315 2365 Ode
331 2333 380 2363 fiir
395 2334 507 2364 unacht
521 2336 725 2374 auszugeben,
746 2344 779 2365 so
803 2334 874 2365 wird
901 2333 977 2364 doch
997 2332 1051 2364 der
1066 2333 1174 2364 Werth
1194 2334 1278 2365 einer
1302 2336 1428 2367 solchen
1442 2336 1556 2367 minder

170 2386 247 2417 hoch
271 2385 492 2424 anznschlagen
511 2386 577 2415 sein
604 2389 675 2416 cett.
692 2403 729 2409 —
744 2385 917 2423 Doderlein‚
936 2384 1041 2421 Reden
1067 2384 1129 2414 und
1153 2384 1308 2424 Anthene,
1327 2387 1355 2415 2.
1376 2385 1555 2424 sammlung.

170 2435 323 2473 Erlangen
347 2435 430 2473 1847,
447 2443 515 2472 pag.
533 2437 599 2473 221,
616 2444 654 2465 ss.
939 2430 941 2432 ’
