1862 2676
805 57 1035 94 —21—

224 171 290 212 alii
310 182 353 211 se
371 173 451 211 tam
472 171 547 211 cito
566 171 689 210 amori
708 171 871 222 dedidit,
893 172 934 211 id
952 183 1075 222 neque
1090 172 1138 213 ab
1154 171 1276 224 ipsius
1296 175 1436 210 natura
1455 170 1621 210 alienum

223 243 382 290 statuas,
403 241 435 279 si
454 243 494 279 et
511 239 580 289 IV,
603 240 642 279 8.
664 243 703 280 et
717 240 769 291 11,
789 241 856 279 23.
878 239 1067 291 conferas,
1088 247 1158 280 nec
1177 242 1325 290 pugnat
1344 249 1432 279 cum
1452 238 1499 277 iis
1520 249 1620 288 quae

223 308 325 348 idem
355 307 514 348 Ovidius
541 307 682 347 ibidem
708 310 805 358 441.
838 308 1044 357 praecipit,
1074 312 1118 347 ut
1148 308 1185 359 si·
1214 308 1299 357 quis
1324 308 1501 347 desinere
1527 306 1623 345 velit

226 371 355 416 amare
378 386 516 415 novum
541 374 614 414 sibi
639 385 805 415 amorem
830 376 1008 414 inveniat.
1058 374 1259 413 Postremo
1289 374 1396 413 addit
1422 373 1624 414 Garuttius

224 455 324 494 quae
344 444 392 482 de
412 444 520 493 aquis
541 442 684 493 Stygiis
705 445 881 483 dicantur
901 455 946 483 ea
966 448 1007 483 et
1027 454 1112 483 cum
1132 442 1272 481 fabulis
1292 446 1333 481 et
1353 454 1436 481 cum
1456 443 1504 482 iis
1525 453 1624 491 quae

237 518 400 555 §xtrema
429 514 469 552 in
497 513 621 563 elegia
650 515 908 553 memorentur
936 522 1119 561 pugnare.
1171 510 1225 548 At
1250 508 1427 549 Cornelia
1455 521 1542 549 cum
1574 510 1623 549 de

239 578 341 632 Styge
361 582 455 621 nihil
474 586 623 631 narret,
654 581 754 631 quod
783 584 929 629 pugnet
958 591 1040 619 cum
1062 580 1136 619 hoc
1164 581 1333 620 carmine
1358 581 1484 620 dicere
1522 581 1619 620 nihil

238 655 368 699 pttest;
390 650 485 689 alios
500 652 626 688 antem
643 648 851 698 scriptores
872 658 941 687 nec
956 647 1175 702 discrepare
1195 647 1390 687 interdum
1411 647 1458 686 de
1477 660 1520 688 re
1540 652 1621 688 tam

240 715 389 760 obmura
409 718 544 756 mirum
566 721 637 765 est,
659 728 730 756 nec
750 720 876 755 tamen
898 728 1029 755 omnes
1045 716 1267 765 discrepare
1282 715 1393 755 facile
1414 717 1523 756 exiis
1537 728 1623 756 cer-

235 783 328 824 nitu·
348 796 446 835 quae
465 786 613 834 pridem
628 785 667 823 in
683 783 964 823 commentariis
985 783 1034 821 ad
1053 783 1155 821 hunc
1170 783 1297 822 locum
1313 783 1495 822 adnotata
1515 787 1622 822 sunt:

236 849 372 894 Sallust.
398 852 482 893 Cat.
505 865 538 892 c.
563 854 630 892 52.
661 851 758 890 falsa
778 850 998 891 existimans
1018 861 1080 900 ea,
1114 861 1212 900 quae
1244 850 1291 890 de
1321 849 1456 890 inferis
1476 863 1622 891 memo-

236 911 373 970 ranttr,
395 922 575 959 divorso
596 920 763 958 itinere
783 919 903 957 malos
923 931 946 957 a
960 919 1070 957 bonis
1089 919 1172 958 loca
1191 923 1307 968 tetra,
1329 919 1487 970 inculta,
1510 919 1620 959 foeda

235 989 349 1035 atque
369 987 615 1027 formidolosa
646 987 800 1027 habere.
831 986 949 1037 Verg.
972 987 1066 1026 Aen.
1091 986 1159 1036 VI,
1185 988 1281 1026 540.
1314 986 1387 1026 Hic
1418 987 1527 1027 locus
1560 991 1621 1027 est

234 1053 356 1100 partis
376 1056 434 1094 lbi
454 1067 494 1093 se
515 1056 587 1093 via
607 1055 745 1093 findit
765 1056 809 1092 in
830 1056 992 1093 ambas.

322 1119 482 1161 Prinam
503 1122 719 1171 elegiam‚.a
740 1133 815 1170 qua
835 1121 994 1160 alteram
1015 1125 1165 1170 partem
1186 1125 1352 1171 separat,
1370 1122 1417 1160 de
1434 1132 1507 1170 quo
1522 1122 1623 1162 infra

234 1186 450 1237 videbimm,
472 1190 563 1227 item
584 1189 755 1238 alteram,
778 1192 968 1238 quartam,
991 1192 1150 1236 sextam,
1172 1200 1321 1236 nonam,
1339 1188 1522 1228 decimam
1539 1201 1623 1228 cum

232 1252 434 1303 Propertio
445 1256 615 1305 abrogat,
633 1255 919 1295 fundamentum
935 1256 1056 1294 totius
1071 1256 1411 1304 argumentationis
1427 1256 1499 1295 hoc
1516 1255 1621 1306 facit,

232 1325 276 1359 ut
295 1321 359 1360 illa
379 1321 581 1370 fragmenta
602 1327 727 1363 sumat
747 1325 829 1362 eius
850 1334 935 1362 esse
956 1325 1157 1373 poematis,
1181 1336 1255 1372 quo
1276 1324 1384 1362 Fasti
1405 1328 1456 1373 et,
1475 1328 1519 1363 ut
1533 1324 1623 1363 bar-

232 1388 416 1437 bare'ait,
439 1390 627 1440 religionis
648 1391 869 1431 Latinarum
888 1391 1118 1430 traditiones
1140 1395 1305 1430 tractata
1324 1390 1478 1430 fuerint.
1503 1391 1623 1440 Quale

230 1467 367 1504 poema
386 1467 508 1504 neque
523 1459 570 1496 ab
591 1459 676 1507 ipso
696 1458 898 1507 Propertio
918 1470 1040 1507 neque
1061 1470 1107 1496 eo
1128 1463 1280 1497 mortuo
1307 1459 1354 1497 ab
1377 1460 1507 1498 amicis
1537 1471 1622 1499 esse

231 1523 374 1562 editum
395 1535 442 1562 ex
463 1536 507 1563 eo
528 1526 691 1576 coniicit,
714 1526 815 1576 quod
836 1525 995 1565 Ovidius
1014 1538 1199 1576 nusquam
1220 1527 1302 1566 eius
1318 1527 1544 1566 mentionem
1563 1526 1622 1567 fa-

230 1592 323 1640 ciat,
346 1591 445 1640 quod
466 1593 550 1641 ipse
564 1594 634 1644 III,
659 1596 696 1633 3.
719 1605 793 1632 non
813 1594 1047 1643 huiusmodi,
1069 1594 1137 1632 sed
1157 1595 1303 1643 epicum
1323 1606 1363 1633 se
1378 1606 1513 1651 poema
1533 1607 1622 1634 nar-

231 1664 291 1697 ret
307 1660 493 1709 attigisse,
517 1663 612 1709 quod
630 1662 750 1701 oratio
767 1674 789 1701 a
804 1662 1055 1711 Propertiana
1070 1661 1221 1701 differat
1236 1662 1432 1712 multaque
1444 1662 1622 1702 Ovidium

229 1726 413 1765 imitantis
443 1728 603 1777 vestigia
628 1730 829 1778 praebeat,
861 1730 962 1779 quod
991 1730 1127 1768 harum
1157 1734 1292 1768 auctor
1322 1730 1529 1779 elegiarum
1552 1743 1622 1770 nec

229 1793 385 1834 Latinas
415 1807 485 1834 nec
517 1794 681 1836 Graecas
705 1797 853 1837 fabulas
879 1798 972 1837 satis
994 1798 1164 1847 cognitas
1184 1798 1336 1837 habeat.
1370 1797 1490 1837 Cuius
1510 1799 1621 1839 nobis

229 1863 569 1910 argumentationis
589 1875 658 1902 nec
676 1864 959 1904 fundamentum
979 1876 1048 1903 nec
1070 1871 1283 1903 ceterorum
1307 1866 1512 1914 quidquam
1533 1878 1621 1915 pro-

230 1928 308 1968 bat.
342 1930 439 1968 Nam
466 1931 654 1980 principio
675 1932 766 1971 illud
787 1934 909 1982 ipsum
932 1934 1012 1972 sine
1034 1944 1148 1972 causa
1168 1933 1333 1971 sumitur
1354 1944 1437 1972 esse
1458 1934 1523 1972 illa
1543 1946 1623 1973 ma·

229 1997 322 2036 ioris
343 1998 538 2037 cuiusdam
560 1999 606 2038 de
628 2002 746 2040 sacris
768 2005 807 2040 et
823 2001 956 2040 diebus
978 2001 1162 2050 poematis
1183 1999 1414 2056 fragmenta
1431 2000 1539 2049 Quod
1556 2003 1623 2051 qui

230 2064 302 2102 sibi
322 2072 615 2114 persuaserunt,
640 2068 764 2107 Ovidii
785 2069 957 2118 exemplo
978 2069 1130 2117 impulsi
1146 2072 1252 2117 sunt,
1275 2070 1337 2117 qui
1360 2069 1463 2116 quod
1485 2070 1637 2108 Fas-tos

228 2134 453 2183 composuit,
475 2134 714 2184 Propertium
737 2148 886 2186 quoque
908 2137 1029 2176 simile
1049 2148 1183 2186 poema
1204 2136 1237 2175 si
1257 2147 1330 2175 non
1351 2136 1562 2177 absolvisse
1582 2141 1622 2176 at

228 2199 425 2239 inchoasse
442 2206 570 2240 tamen
586 2204 865 2242 existimarunt.
888 2205 1058 2253 Quorum
1074 2205 1160 2242 luce
1178 2204 1317 2242 elarius
1334 2209 1494 2253 apparet
1510 2217 1621 2253 quam

228 2267 364 2307 vitiosa
383 2269 435 2308 sit
454 2271 707 2311 ratiocinatio.
761 2271 943 2312 Similiter
969 2273 1069 2312 enim
1089 2272 1273 2322 quispiam
1295 2272 1487 2321 conficiat,
1519 2272 1621 2322 quod

228 2335 386 2375 Ovidius
406 2343 526 2376 artem
543 2340 693 2378 amandi
709 2341 994 2390 conscripserit,
1018 2353 1114 2390 quae
1136 2342 1305 2391 singulae
1326 2343 1469 2391 elegiae
1489 2343 1621 2381 huius-

229 2404 330 2444 modi
350 2410 556 2456 praecepta
571 2409 883 2459 contineant,eas
905 2409 1038 2449 similis
1059 2411 1290 2459 maiorisque
1311 2412 1436 2461 operis
1458 2422 1540 2450 esse
1561 2423 1621 2451 re-
