1862 2676
883 24 1113 82 4104—

294 151 397 193 infra
426 154 576 191 demum
607 164 630 191 a
654 164 768 192 versu
795 155 862 192 89.
895 152 942 191 de
972 155 1111 192 natura
1136 156 1176 192 et
1205 131 1355 193 nomine
1386 153 1468 192 eius
1496 151 1712 204 disputare>

295 221 441 283 incipit,
463 222 630 270 itemque
652 221 701 270 V,
729 223 823 261 183.
846 220 959 260 Flora
979 221 1184 270 implorata
1209 244 1260 251 —

469 337 599 376 Mater
619 338 709 376 ades
729 337 881 386 florum,
902 338 1002 376 ludis
1024 338 1216 376 celebrata
1235 338 1372 376 iocosis

359 406 453 445 191.
469 404 560 453 Ipsa
580 405 672 444 doce
695 417 790 454 quae
812 406 882 444 sis:
905 405 1099 444 hominum
1120 405 1310 444 sententia
1329 404 1445 444 fallax
1466 426 1521 433 —-

296 521 345 559 ad
366 532 520 559 causam
542 522 624 559 eius
646 522 808 560 nominis
830 522 1090 570 explicandam
1111 522 1250 560 transit
1270 533 1384 561 versu
1410 524 1508 560 195:

455 629 606 668 Chloris
628 641 746 678 eram,
770 642 866 678 quae
888 631 1004 668 Flora
1025 642 1149 668 vocor.
1175 629 1369 678 Corrupta
1391 630 1524 668 Latino

512 696 685 735 Nominis
708 701 766 735 est
787 697 906 736 nostri
926 698 1038 736 litera
1060 696 1208 737 Graeca
1230 708 1334 736 sono.

295 813 406 860 Quod
434 816 561 851 autem
588 813 712 852 Sancti
744 814 1033 862 appellationem
1064 817 1178 862 negat
1204 814 1276 852 nisi
1302 814 1341 851 in
1373 817 1542 852 extrema
1569 813 1689 863 elegia

292 879 418 919 locum
448 881 601 931 habere,
633 882 673 920 id
706 881 859 930 quidem
889 882 975 921 ideo
1005 894 1089 921 cum
1119 882 1201 920 veri
1233 882 1395 931 quadam
1427 882 1551 930 specie
1582 882 1687 929 dicit,

293 950 393 996 quod
418 960 503 986 cum
530 950 625 987 alios
652 954 732 986 tum
761 950 983 987 Homericos
1010 951 1074 997 qui
1102 953 1285 987 vocantur
1310 949 1469 997 hymnos
1501 949 1688 1004 similibus

292 1015 451 1054 deorum
475 1016 540 1065 qui
567 1016 809 1054 celebrantur
829 1016 1006 1065 precibus
1033 1020 1184 1055 constat
1210 1017 1422 1055 terminari:
1452 1017 1518 1055 sed
1545 1017 1688 1055 valeret

290 1084 356 1121 illa
377 1085 658 1132 argumentatio
682 1085 713 1121 si
735 1095 798 1121 eas
823 1095 954 1131 preces
982 1088 1216 1131 sequeretur.
1234 1084 1354 1130 aliud3
1383 1095 1479 1121 nunc
1505 1095 1601 1132 quae
1628 1095 1686 1122 se-

292 1151 422 1198 quitur
453 1151 614 1190 nominis
640 1151 844 1200 explicatio
871 1154 949 1189 tam
974 1152 1130 1199 propria
1157 1156 1214 1190 est
1240 1152 1454 1190 huiusmodi
1480 1152 1687 1190 carminum

289 1220 609 1268 conclusionibus,
644 1225 684 1257 ut
715 1219 833 1268 magis
864 1220 894 1257 si
926 1205 1015 1257 alibi
1045 1223 1147 1258 esset
1177 1220 1214 1257 in
1245 1220 1386 1259 exitum
1421 1219 1687 1259 transferenda

289 1299 400 1336 quam
422 1287 648 1325 removenda
671 1287 757 1325 inde
782 1287 971 1326 videatur.
1004 1288 1098 1325 Item
1122 1288 1220 1325 enim
1242 1291 1280 1326 et
1300 1288 1513 1336 proximum
1534 1300 1685 1326 carmen

287 1356 528 1395 concluditur
542 1367 550 1393 :

286 1471 355 1520 IV,
383 1473 448 1519 10,
468 1473 536 1510 45.
560 1470 669 1508 Nunc
692 1470 810 1518 spolia
834 1470 870 1507 in
893 1470 1032 1519 templo
1054 1471 1129 1508 tria
1152 1471 1320 1509 condita:
1345 1482 1459 1509 causa
1480 1471 1642 1520 Feretri,

522 1538 654 1577 Omine
677 1539 776 1587 quod
799 1542 901 1577 certo
924 1538 999 1576 dux
1020 1538 1110 1576 ferit
1131 1550 1221 1576 ense
1243 1539 1393 1586 ducem3

461 1606 534 1644 Seu
556 1607 644 1654 quia
665 1607 768 1644 victa
790 1606 869 1644 suis
890 1606 1059 1643 humeris
1080 1606 1173 1644 haec
1195 1618 1300 1644 arma
1321 1606 1506 1655 ferebant,

519 1674 619 1713 Hinc
641 1674 794 1712 Feretri
817 1674 918 1712 dicta
939 1677 997 1711 est
1017 1685 1084 1711 ara
1106 1674 1271 1722 superba
1291 1675 1406 1713 Iovis.
1430 1697 1486 1702 -

285 1786 323 1820 et
338 1780 407 1829 IV,
428 1784 466 1819 4.
482 1803 535 1808 —
554 1782 587 1818 A
610 1781 705 1819 duce
727 1781 891 1829 Tarpeio
913 1791 1019 1818 mons
1041 1784 1098 1818 est
1119 1792 1325 1829 cognomen
1347 1781 1523 1829 adeptus:

520 1848 551 1887 Ο
573 1849 674 1897 vigil,
698 1850 863 1887 iniustae
886 1849 1053 1896 praemia
1076 1849 1187 1887 sortis
1209 1849 1337 1887 habes.

372 1966 416 2003 In
442 1966 611 2003 decima
642 1966 765 2014 elegia
795 1965 1094 2003 Luettiohannes
1120 1966 1294 2004 lacunam
1320 1977 1404 2004 esse
1431 1966 1567 2004 statuit
1592 1970 1680 2005 ante

283 2046 336 2073 vs.
362 2036 434 2072 43:

457 2141 516 2179 Illi
539 2141 698 2189 virgatis
719 2139 923 2178 iaculantis
946 2139 991 2177 ab
1015 2140 1160 2188 agmine
1182 2140 1330 2178 braccis
1344 2140 1378 2187 *)

514 2208 676 2258 Torquis
698 2209 746 2247 ab
767 2208 887 2248 incisa
909 2206 1047 2247 decidit
1069 2220 1166 2248 unca
1186 2208 1286 2258 gula.
1312 2232 1366 2237 —

369 2351 396 2389 *)
412 2351 570 2387 Exscripsi
585 2352 664 2380 hunc
681 2360 801 2381 versum
817 2351 869 2388 ita,
890 2353 923 2379 ut
945 2354 992 2380 est
1007 2351 1037 2379 in
1054 2351 1183 2381 editione
1205 2351 1406 2388 Hertzbergii,
1428 2351 1484 2380 etsi
1500 2353 1673 2388 corruptum

279 2409 346 2431 esse
363 2400 478 2438 aliquid
496 2403 526 2430 et
542 2399 591 2429 hic
606 2400 646 2437 (in
658 2400 878 2430 commentariis
894 2399 931 2428 ad
943 2399 971 2428 h.
984 2400 1015 2437 1.)
1031 2401 1201 2437 suspicatur
1218 2404 1246 2430 et
1262 2409 1376 2436 omnes,
1392 2399 1471 2436 quod
1487 2400 1590 2436 sciam,
1606 2408 1675 2429 con-
