1862 2676
139 0 259 178 i.
827 50 1057 87 —21.—

168 179 188 256 χχ
246 162 313 203 alii
332 173 375 201 se
394 164 474 202 tam
494 162 570 203 cito
589 163 711 202 amori
730 162 893 215 dedidit,
915 164 955 204 id
974 175 1096 215 neque
1111 164 1160 206 ab
1175 163 1297 217 ipsius
1318 167 1458 203 natura
1476 162 1642 202 alienum

245 233 404 282 statuas,
425 232 458 271 si
477 235 516 271 et
534 231 602 281 IV,
625 233 664 271 8.
686 235 725 272 et
739 233 790 283 II,
811 234 878 272 23.
899 232 1087 283 conferas,
1109 244 1179 273 nec
1198 235 1346 282 pugnat
1365 242 1453 272 cum
1473 231 1521 270 iis
1541 242 1640 280 quae

245 298 348 339 idem
377 297 536 339 Ovidius
564 298 703 338 ibidem
730 302 827 350 441.
860 301 1064 350 praecipit,
1095 304 1139 340 ut
1169 301 1206 352 si·
1234 300 1320 350 quis
1345 300 1523 350 desinere
1548 298 1644 337 velit

248 363 377 407 amare
401 378 538 406 novum
563 366 636 406 sibi
661 378 827 407 amorem
851 369 1028 408 inveniat.
1078 368 1280 408 Postremo
1310 367 1417 406 addit
1443 366 1645 407 Caruttius

243 446 347 486 quae
367 434 414 473 de
435 434 543 484 aquis
564 433 706 484 Stygiis
728 436 902 475 dicantur
923 447 968 476 ea
987 440 1028 475 et
1048 447 1133 476 cum
1153 435 1293 474 fabulis
1313 439 1354 473 et
1374 432 1458 473 cum
1477 435 1525 474 iis
1547 445 1645 483 quae

272 509 423 546 xtrema
451 505 492 544 in
520 505 644 555 elegia
672 507 929 544 memorentur
958 515 1140 554 pugnare.
1191 504 1246 542 At
1271 501 1448 542 Cornelia
1477 514 1563 542 cum
1595 502 1644 541 de

290 585 363 624 yge
384 573 478 612 nihil
497 577 646 623 narret,
677 573 777 623 quod
806 576 951 622 pugnet
980 584 1062 611 cum
1084 572 1157 611 hoc
1185 573 1354 612 carmine
1379 573 1505 612 dicere
1544 573 1641 611 nihil

253 651 278 690 p
316 646 391 690 est3
413 641 508 681 alios
523 644 649 681 antem
666 641 874 690 scriptores
894 651 963 679 nec
978 640 1196 689 discrepare
1216 640 1411 680 interdum
1432 640 1480 679 de
1499 652 1542 680 re
1562 644 1643 680 tam

256 708 412 771 obtenta
432 710 567 747 mirum
589 713 661 757 est,
682 719 753 747 nec
772 712 899 747 tamen
921 719 1051 747 omnes
1067 709 1289 757 discrepare
1304 707 1415 747 facile
1436 719 1483 747 ex
1497 708 1545 747 iis
1559 719 1645 747 cer-

251 773 351 830 nit&-
371 789 469 827 quae
488 778 636 826 pridem
651 778 691 816 in
706 776 987 816 commentariis
1007 775 1056 814 ad
1075 776 1177 815 hunc
1192 776 1319 815 locum
1336 775 1517 815 adnotata
1537 779 1644 815 sunt:

252 834 396 886 Sallust.
421 844 505 885 Cat.
528 857 561 884 c.
587 846 653 884 52.
684 843 781 883 falsa
801 843 1021 883 existimans
1041 854 1103 892 ea,
1137 854 1234 892 quae
1266 843 1313 882 de
1344 842 1478 882 inferis
1498 855 1645 883 memo-

253 916 396 965 rantur,
418 914 599 952 divorso
619 913 785 951 itinere
805 912 926 951 malos
945 923 968 950 a
983 911 1092 950 bonis
1111 911 1195 950 loca
1214 915 1329 960 tetra,
1352 911 1510 962 inculta,
1532 910 1643 951 foeda

253 980 638 1029 atque-*formidolosa
669 980 823 1019 habere.
854 980 972 1029 Verg.
995 980 1089 1019 Aen.
1114 979 1182 1028 VI,
1208 981 1304 1018 540.
1336 979 1410 1018 Hic
1440 980 1550 1019 locus
1583 984 1644 1019 est

252 1047 375 1096 partis
395 1049 457 1094 ubi
477 1060 518 1087 se
538 1049 611 1087 via
630 1047 768 1087 findit
788 1049 832 1086 in
853 1048 1015 1086 ambas.

341 1114 506 1156 Primam
526 1116 743 1165 elegiam‚.a
764 1127 839 1164 qua
859 1115 1018 1154 alteram
1039 1119 1188 1164 partem
1209 1119 1375 1165 separat,
1393 1116 1440 1154 de
1457 1125 1530 1163 quo
1545 1115 1646 1155 infr-a

253 1183 473 1233 videbimus,
495 1185 587 1222 item
608 1184 779 1233 alteram,
802 1186 992 1233 quartam,
1015 1186 1173 1231 sextam,
1195 1194 1344 1231 nonam,
1362 1182 1544 1223 decimam
1561 1195 1646 1223 cum

252 1250 455 1300 Propertio
467 1252 639 1301 abrogat,
657 1251 943 1290 fundamentum
959 1251 1080 1290 totius
1095 1251 1434 1299 argumentationis
1449 1251 1522 1290 hoc
1538 1250 1643 1300 facit,

251 1322 296 1357 ut
315 1319 379 1357 illa
399 1318 605 1368 fragmenta
626 1323 751 1359 sumat
772 1320 853 1358 eius
874 1330 959 1358 esse
980 1320 1181 1368 poematis,
1204 1330 1278 1368 quo
1300 1319 1407 1357 Fasti
1428 1323 1479 1368 et,
1498 1323 1542 1358 ut
1556 1319 1645 1358 bar-

252 1386 437 1434 bare'ait,
459 1387 651 1436 religionis
672 1387 893 1426 Latinarum
912 1387 1141 1424 traditiones
1163 1390 1328 1425 tractata
1347 1385 1502 1424 fuerint.
1526 1385 1645 1434 Quale

251 1465 388 1503 poema
407 1465 530 1503 neque
547 1455 594 1494 ab
615 1455 699 1503 ipso
720 1454 922 1503 Propertio
942 1465 1063 1503 neque
1084 1465 1130 1492 eo
1151 1458 1303 1492 mortuo
1330 1453 1377 1492 ab
1399 1454 1530 1493 amicis
1560 1465 1645 1493 esse

252 1522 395 1561 editum
416 1533 463 1560 ex
484 1533 528 1560 eo
550 1523 714 1572 coniicit,
737 1523 839 1572 quod
860 1521 1019 1561 Ovidius
1038 1533 1222 1571 nusquam
1243 1522 1326 1560 eius
1341 1522 1567 1561 mentionem
1588 1521 1646 1561 fa-

252 1591 344 1639 ciat,
367 1590 466 1639 quod
487 1591 572 1640 ipse
588 1591 658 1641 III,
683 1593 721 1630 3.
743 1602 817 1630 non
837 1590 1072 1640 huiusmodi,
1094 1590 1162 1629 sed
1182 1590 1327 1640 epicum
1346 1601 1387 1629 se
1402 1601 1537 1647 poema
1556 1602 1646 1630 nar-

252 1664 312 1697 ret
328 1659 515 1708 attigisse,
539 1660 636 1708 quod
654 1660 774 1698 oratio
791 1671 814 1698 a
828 1659 1081 1708 Propertiana
1096 1658 1247 1697 differat
1261 1658 1456 1708 multaque
1468 1657 1645 1698 Ovidium

250 1726 435 1766 imitantis
464 1727 625 1776 vestigia
651 1728 853 1777 praebeat,
886 1728 987 1777 quod
1016 1728 1152 1766 harum
1183 1731 1317 1766 auctor
1347 1727 1553 1776 elegiarum
1576 1739 1646 1767 nec

251 1794 407 1833 Latinas
437 1806 507 1833 nec
539 1793 705 1834 Graecas
729 1795 878 1835 fabulas
903 1797 997 1835 satis
1020 1797 1190 1845 cognitas
1210 1796 1361 1834 habeat.
1396 1795 1514 1834 Cuius
1534 1796 1645 1834 nobis

252 1863 591 1911 argumentationis
611 1874 680 1902 nec
699 1863 983 1902 fundamentum
1004 1875 1072 1902 nec
1095 1869 1309 1902 ceterorum
1332 1863 1536 1912 quidquam
1557 1874 1645 1912 pro-

252 1929 330 1968 bat.
364 1930 462 1969 Nam
488 1931 677 1979 principio
698 1931 789 1970 illud
811 1932 932 1980 ipsum
955 1932 1035 1970 sine
1058 1942 1173 1969 causa
1193 1931 1358 1969 sumitur
1379 1942 1462 1969 esse
1482 1931 1547 1968 illa
1567 1943 1647 1969 ma-

252 1997 345 2037 ioris
366 1997 561 2036 cuiusdam
583 1999 629 2037 de
651 2000 769 2038 sacris
791 2003 830 2039 et
846 1999 979 2038 diebus
1000 1999 1185 2047 poematis
1207 1997 1439 2053 fragmenta..
1455 1997 1563 2045 Quod
1580 1999 1647 2048 qui

253 2065 325 2104 sibi
345 2071 639 2115 persuaserunt,
663 2067 787 2106 Ovidii
808 2066 979 2115 exemplo
1000 2066 1153 2114 impulsi
1169 2070 1276 2115 sunt,
1299 2067 1362 2114 qui
1385 2066 1487 2113 quod
1509 2066 1662 2105 Fastos·

252 2135 476 2184 composuit,
498 2134 738 2184 Propertium
760 2146 909 2185 quoque
930 2135 1052 2173 simile
1072 2145 1206 2183 poema
1227 2134 1261 2172 si
1281 2145 1354 2172 non
1375 2134 1586 2174 absolvisse
1606 2138 1646 2173 at

252 2203 449 2242 inchoasse
465 2207 594 2242 tamen
610 2204 888 2243 existimarunt.
912 2203 1082 2253 Quorum
1097 2203 1183 2242 luce
1201 2202 1342 2241 clarius
1359 2206 1518 2253 apparet
1534 2214 1646 2252 quam

251 2271 388 2310 vitiosa
407 2272 459 2310 sit
478 2272 731 2312 ratiocinatio.
785 2272 967 2312 Similiter
993 2273 1093 2311 enim
1113 2271 1298 2321 quispiam
1320 2271 1512 2320 conficiat,
1544 2271 1646 2321 quod

252 2339 410 2380 Ovidius
430 2345 550 2379 artem
567 2342 717 2380 amandi
734 2342 1018 2390 conscripserit,
1042 2353 1139 2390 quae
1161 2342 1330 2391 singulae
1351 2342 1494 2391 elegiae
1514 2342 1646 2381 huius-

253 2408 354 2447 modi
375 2412 580 2458 praecepta
595 2410 907 2459 contineant,eas
929 2409 1062 2448 similis
1083 2410 1315 2458 maiorisque
1336 2411 1462 2459 operis
1483 2421 1565 2449 esse
1586 2422 1645 2449 re-
