1862 2676
811 40 952 99 —'12
989 39 1062 89 ->

227 179 386 217 mortuo·
418 175 596 217 Patroclo
636 176 916 225 instituuntur,
957 178 1012 215 ut.
1045 176 1078 215 Il
1109 175 1242 227 XXII,
1289 175 1433 224 Ias&
1466 174 1512 216 δὲ
1548 175 1627 229 τρὶς
1651 167 1654 169 ’

226 241 312 297 περὶ
339 241 464 297 νεκρὸν
491 238 662 297 ἐΰτριχας
680 240 1005 295 ἤλασανῖππους)
1034 242 1194 284 Achillis
1225 237 1535 295 Achivorumq'ue
1548 243 1626 286 :do-

226 313 423 353 cursi'one.
443 312 519 352 Sed
538 315 743 363 praeterea
755 312 956 363 aliqmties
970 312 1149 353 dicuntur
1162 315 1243 352 tres
1257 323 1328 352 nec
1341 312 1538 373 religionis
1556 325 1627 353 nec

228 382 405 422 veritatis
426 386 543 421 causa
561 382 611 421 ad
631 393 790 431 parvum
812 381 1011 431 quemdam
1032 392 1231 420 numerum
1250 380 1557 433 significandum:

318 480 349 530 I,
376 481 442 530 16,
469 481 532 519 13.
555 479 637 518 Has
657 478 749 517 mihi
769 481 830 518 ter
850 479 1030 529 gravibus
1053 490 1167 528 cogor
1186 478 1330 519 deflere
1350 479 1533 529 querelis;

321 548 372 598 II,
398 550 465 598 33,
489 551 555 587 22.
577 547 765 587 Noctibus
784 548 845 588 his
860 547 971 587 vacui
993 551 1054 587 ter
1074 547 1256 587 faciamus
1276 548 1368 596 iter3

316 616 387 666 III,
413 618 452 666 7,
476 618 513 655 6.
537 616 680 656 Obruis
699 617 833 656 insano
855 620 989 666 terque
1010 620 1219 666 quaterque
1241 617 1339 655 mari
1359 638 1414 645 —

318 684 369 724 ib.
398 687 462 735 12,
490 686 553 724 15.
576 683 650 724 Ter
671 689 806 735 quater
827 685 865 724 in
888 688 995 724 casta
1015 683 1108 724 felix
1128 697 1149 724 ο
1169 685 1351 725 Postume
1373 684 1498 734 Galla-3
1522 706 1577 713 -

316 753 385 802 IV,
411 756 448 801 6,
473 755 540 793 75.
563 753 717 802 Terque
739 754 839 791 lavet
859 756 1010 792 nostras
1031 753 1136 802 spica
1158 753 1295 792 Cilissa
1315 765 1460 802 comas;
1484 775 1538 781 —

318 820 370 860 ib.
398 822 463 871 10,
489 822 554 860 26.
577 820 805 860 Nomentum
828 824 867 860 et
888 823 1020 870 captae
1041 820 1174 871 iugera
1193 823 1303 860 terna
1324 820 1459 861 Corae.

231 928 358 975 Atque
378 928 479 965 idem
506 939 597 965 usus
622 933 682 965 est
707 929 790 966 eius
817 928 964 966 numeri
990 928 1092 976 apud
1119 928 1227 977 alios,
1255 928 1360 967 velut
1384 929 1520 967 Horat.
1547 928 1624 967 Sat.

230 996 262 1045 I,
288 997 325 1045 6,
348 997 416 1035 43.
439 1017 496 1023 —
517 999 558 1035 at
578 996 641 1035 hic
664 996 694 1034 si
726 995 900 1045 plaustra
931 996 1095 1035 ducenta
1115 995 1430 1053 Concurrantque
1450 996 1533 1037 foro
1554 997 1628 1037 tria

230 1063 382 1112 funera,
415 1076 548 1112 magna
579 1064 741 1102 sonabit.
775 1065 854 1102 Sat.
888 1065 938 1112 II,
973 1067 1012 1112 7,
1047 1067 1084 1102 9.
1118 1064 1210 1102 Cum
1244 1065 1366 1103 tribus
1396 1066 1549 1112 anellis3
1573 1088 1627 1093 —

229 1131 356 1181 Epist.
384 1131 425 1181 I,
458 1133 533 1181 15,
562 1133 629 1171 35.
666 1131 792 1171 tribus
828 1132 928 1171 ursis
969 1131 1069 1182 quod
1106 1132 1197 1171 satis
1233 1136 1357 1182 esset3
1391 1156 1444 1162 -
1476 1133 1547 1184 Ep.
1579 1134 1628 1173 ad

230 1201 309 1239 Pis.
336 1202 430 1245 309.
445 1201 484 1239 Si
507 1200 630 1239 tribus
653 1201 848 1249 Anticyris
869 1203 985 1249 caput
1009 1201 1219 1239 insanabile
1241 1212 1444 1250 numquam
1466 1202 1628 1240 Tonsori

228 1268 364 1307 Licino
385 1268 643 1315 commiserit.;
664 1268 734 1318 Ep.
757 1268 789 1316 1,
815 1270 848 1317 l,
870 1269 937 1307 37.
959 1268 1034 1307 Ter
1054 1279 1148 1317 pure
1168 1268 1267 1308 lecto
1288 1269 1430 1318 poterit
1451 1281 1628 1312 recreare

231 1336 372 1375 libello.
406 1336 580 1375 Aliorum
608 1336 747 1374 similia
773 1337 945 1385 proferre
972 1337 1145 1385 exempla
1171 1340 1210 1376 et
1233 1337 1455 1376 facillimum
1483 1341 1522 1376 et
1546 1338 1628 1377 lon-

231 1416 319 1454 gum
347 1407 419 1444 est.
454 1404 598 1454 Quodsi
623 1416 668 1443 ex
693 1404 742 1443 iis
767 1405 879 1443 etiam
910 1416 1007 1453 quae
1037 1405 1235 1444 attulimus
1266 1406 1357 1445 satis
1387 1406 1514 1446 elucet
1543 1418 1627 1446 cum

230 1474 327 1512 alios
347 1476 429 1512 tum
450 1473 692 1523 Propertium
721 1477 814 1512 tres
840 1485 911 1523 pro
932 1474 1123 1512 nonnullis
1144 1474 1204 1513 vel
1226 1475 1358 1524 paucis
1379 1475 1529 1514 dicere:
1553 1487 1627 1524 quo

229 1542 431 1591 quisquam
457 1543 542 1580 iure
569 1546 683 1590 neget
707 1545 786 1580 tres
812 1542 896 1580 illos
922 1542 1070 1580 libellos
1095 1553 1165 1590 pro
1193 1543 1383 1582 nonnullis
1409 1543 1548 1582 libellis
1570 1544 1628 1582 vel

227 1609 464 1648 carminibus
484 1620 596 1658 posse
616 1609 764 1658 accipi?

320 1677 432 1717 Nunc
459 1677 507 1717 ad
535 1677 689 1717 tertium
712 1677 944 1717 Lachmanni
971 1681 1234 1727 argumentum
1261 1678 1475 1718 accedimus
1500 1690 1627 1729 sump-

229 1750 310 1785 tum
332 1746 426 1785 illud
447 1757 494 1785 ex
505 1746 555 1796 11,
574 1747 638 1785 10.
662 1745 749 1795 (Sed
774 1750 924 1795 tempus
946 1746 1113 1785 lustrare
1134 1746 1220 1785 aliis
1240 1746 1426 1785 Helicona
1447 1747 1626 1797 choreis),

228 1816 332 1865 quod
352 1815 416 1854 ille
440 1826 595 1854 carmen
617 1818 732 1863 negat
753 1814 845 1853 alibi
868 1826 980 1863 quam
1003 1814 1041 1852 in
1064 1815 1190 1864 capite
1217 1815 1303 1854 libri
1324 1815 1499 1865 Augusto
1521 1816 1626 1855 dedi-

228 1884 304 1923 cati
326 1884 415 1934 poni
435 1884 620 1933 potuisse,
634 1883 911 1932 Hertzbergius
926 1883 997 1931 Qu.
1013 1884 1078 1923 Pr.
1099 1895 1137 1933 p.
1164 1884 1259 1923 217.
1272 1884 1443 1933 potuisse
1463 1884 1516 1924 ibi
1537 1886 1625 1935 poni

229 1956 353 2003 negat,
386 1954 477 2002 quia
507 1953 572 2002 qui
608 1952 706 1992 liber
737 1955 842 1991 totus
872 1953 911 1991 in
942 1953 1137 1992 amoribus
1168 1952 1404 1992 celebrandis
1435 1956 1625 2003 versetur,

227 2022 310 2061 eius
331 2022 369 2060 in
392 2021 580 2071 principio
597 2021 645 2060 iis
661 2021 754 2069 ipsis
771 2021 964 2060 amoribus
980 2021 1197 2060 renunciari
1215 2033 1289 2059 non
1305 2021 1486 2070 potuerit.
1505 2020 1624 2069 Quam

229 2090 527 2129 controversiam
550 2093 594 2129 ut
625 2089 862 2138 dirimamus,
889 2090 1051 2139 primum
1085 2089 1293 2138 videamus,
1321 2089 1508 2138 quomodo
1529 2089 1626 2129 Pro·

228 2159 376 2209 pertius
397 2158 565 2207 reliquos
585 2158 703 2198 libros
730 2159 780 2197 sit
805 2170 975 2198 exorsus.
1004 2158 1062 2197 Ac
1082 2157 1132 2206 II,
1165 2159 1200 2196 1.
1229 2157 1446 2196 Maecenati
1471 2157 1626 2207 profite—

226 2231 304 2276 tur,
328 2227 504 2276 quoniam
525 2229 630 2266 totus
653 2227 702 2265 sit
723 2227 761 2265 in
773 2227 959 2276 Cynthiae
981 2237 1125 2274 amore,
1139 2225 1172 2263 si
1195 2225 1345 2274 quidem
1367 2230 1496 2274 posset
1516 2227 1626 2275 epica

228 2298 405 2345 poemata
426 2306 665 2345 componere,
688 2296 771 2334 eius
793 2307 834 2335 se
855 2295 1095 2345 potissimum
1122 2304 1186 2332 res
1207 2294 1379 2343 egregias
1401 2299 1441 2334 et
1461 2294 1626 2344 Augusti

227 2376 310 2403 esse
342 2363 640 2412 celebraturum,
669 2364 757 2411 quia
782 2367 908 2402 autem
937 2362 976 2401 id
1010 2373 1084 2401 non
1110 2362 1245 2412 possit,
1272 2374 1439 2402 amorem
1473 2373 1622 2402 canere.

225 2432 332 2473 Idem
363 2432 436 2484 111,
473 2434 524 2482 1.,
553 2432 649 2481 Alii,
681 2432 818 2482 inquit,
851 2431 1032 2471 historias
1058 2431 1226 2471 scribant
1254 2431 1458 2471 Romanas:
1487 2435 1528 2470 at
1553 2442 1623 2481 ego
