1862 2676
751 115 979 152 —109*-÷

172 234 332 270 naturae
364 229 534 269 ordinem
565 233 650 268 ante
681 234 861 279 parentes
891 232 1074 277 mortuae,
1106 229 1213 267 urbis
1244 227 1411 277 querelis
1441 229 1558 266 inter-

172 298 310 350 positis
341 297 596 337 admonemur.
629 296 737 345 Quod
756 308 847 335 vero
866 308 922 335 vs.
948 298 1012 335 17.
1040 296 1180 335 dictum
1209 301 1285 335 est:
1319 297 1561 336 Immatura

171 369 272 408 licet.
296 369 387 407 cett.
413 389 478 415 -—,
506 377 549 405 eo
574 365 774 415 quominus
795 366 868 403 vim
895 365 1158 404 adversativae
1183 367 1392 414 particulae
1416 367 1562 409 refera-

173 448 258 477 mus
282 435 446 487 plurima
470 433 536 473 illa
561 433 714 472 obstant
738 444 835 483 quae
860 434 1008 472 interea
1031 436 1198 472 tractata
1223 438 1324 473 sunt.
1361 436 1403 475 Si
1433 442 1562 477 autem

173 506 214 545 id
238 516 314 555 quo
339 506 488 559 spectat
513 502 699 551 oppositio
722 502 760 540 in
782 502 965 551 proximis
996 503 1252 550 quaerendum
1280 508 1350 549 est,
1384 507 1560 554 quoniam

174 572 286 612 modo
315 572 441 610 luctus
470 570 663 609 hominum
695 573 756 609 est
784 573 1030 618 memoratus,
1067 570 1139 608 hoc
1174 570 1344 611 declarat
1373 572 1561 625 Cornelia,

172 642 297 691 lugeri
322 653 361 680 se
389 639 730 687 vehementissime,
762 638 931 687 quamvis
958 638 1058 687 quod
1084 639 1209 677 omnia
1238 640 1338 693 vitae
1369 644 1564 683 commoda

174 713 214 749 et
241 709 407 748 honores
432 710 590 757 experta
614 707 666 745 sit
688 705 792 744 nulla
817 707 942 756 magni
966 707 1092 745 luctus
1119 719 1237 746 causa
1257 719 1342 747 esse
1371 710 1560 751 videatur.

173 778 283 818 Hanc
317 777 418 816 enim
449 776 635 815 rationem
669 775 769 813 inter
804 775 1018 824 lugentium
1048 775 1222 815 dolorem
1258 777 1433 828 vitaeque
1464 792 1564 820 com-

174 846 287 886 moda
315 846 522 894 impetrata
546 844 783 883 intercedere
808 846 848 882 et
873 844 997 883 Servii
1021 844 1220 894 Tacitique
1246 858 1344 895 quae
1368 848 1565 888 attulimus

174 915 290 956 verba
321 913 527 962 declarant,
559 916 610 962 et,
643 916 685 952 ut
714 912 790 951 alia
819 911 938 951 multa
967 913 1174 963 mittamus,
1206 915 1399 955 Ausonius
1427 917 1562 967 Epita-

172 984 261 1034 phio
281 982 449 1022 XXXII:

348 1088 483 1128 Omnia
504 1098 598 1135 quae
618 1087 731 1135 longo
753 1087 852 1125 vitae
873 1087 1079 1134 cupiuntur
1103 1088 1143 1125 111
1163 1099 1255 1127 aevo

348 1157 450 1195 Ante
470 1157 605 1204 quater
625 1154 779 1202 plenum
800 1154 988 1193 consumit
1007 1154 1143 1193 Anicia
1163 1155 1338 1196 lustrum.

347 1223 477 1262 Infans
497 1223 665 1269 lactavit,
689 1222 809 1270 pubes
829 1226 869 1260 et
888 1222 998 1270 virgo
1018 1223 1196 1262 adolevit.

347 1290 502 1338 Nupsit,
524 1289 710 1338 concepit,
731 1289 893 1337 peperit,
915 1289 990 1327 iam
1009 1293 1133 1328 mater
1154 1290 1285 1330 obivit.

349 1358 443 1407 Quis
463 1360 625 1395 mortem
645 1356 823 1395 accuset?
850 1357 933 1405 quis
952 1368 1026 1395 11011
1047 1361 1204 1396 accuset
1223 1359 1262 1397 in
1282 1359 1371 1399 illa?

348 1425 498 1465 Aetatis
518 1424 666 1463 meritis
685 1435 779 1463 anus
800 1427 871 1473 est,
897 1427 1024 1463 aetate
1045 1425 1185 1473 puella.

174 1550 234 1588 Ne
259 1548 344 1597 quis
375 1551 503 1586 autem
534 1550 705 1595 quaerat,
737 1557 804 1585 cur
835 1546 908 1585 hoc
933 1547 1169 1595 potissimum
1196 1552 1448 1587 memoretur:
1480 1551 1565 1599 quis

174 1628 249 1655 non
278 1612 386 1654 videt
414 1625 626 1652 maerorem
655 1614 866 1661 lugentium
901 1618 1075 1653 mortuae
1112 1626 1157 1653 eo
1193 1615 1565 1656 honorificentiorem

175 1695 273 1732 esse,
299 1693 372 1732 quo
396 1682 516 1720 maior
541 1682 623 1719 eius
648 1692 738 1729 pars
764 1692 872 1719 suam
897 1681 949 1719 sit
973 1682 1160 1720 iacturam
1185 1682 1393 1722 dolentium
1418 1695 1565 1734 quoque

174 1752 359 1790 minorem
385 1749 457 1788 sibi
483 1753 631 1797 partem
656 1748 922 1787 misericordia
946 1749 1136 1788 vindicet?
1158 1772 1209 1778 —
1232 1750 1312 1789 Nec
1334 1750 1486 1791 difficile
1507 1753 1563 1791 in-

174 1820 332 1859 tellectu
353 1821 424 1867 est,
448 1817 635 1866 quomodo
656 1828 733 1855 vss.
758 1817 942 1855 67—70.
964 1817 1173 1865 accipiendi
1198 1819 1292 1856 sint:

408 1938 507 1976 Filia
527 1941 570 1976 tu
591 1937 783 1986 specimen
803 1947 984 1975 censurae
1005 1941 1094 1975 nata
1114 1942 1291 1986 paternae

467 2006 545 2044 Fac
566 2017 682 2043 unum
703 2008 833 2043 teneas
854 2016 923 2042 1108
943 2004 1092 2043 imitata
1111 2006 1244 2044 virum.

409 2074 460 2112 Et
480 2074 578 2111 serie
600 2073 731 2111 fulcite
750 2084 890 2121 genus3
917 2073 1009 2110 mihi
1031 2073 1165 2122 cymba
1184 2073 1322 2111 volenti

467 2140 638 2180 Solvitur
657 2141 827 2179 aucturis
847 2143 905 2179 tot
924 2152 1008 2179 mea
1027 2139 1105 2179 fata
1123 2141 1230 2178 meis.

178 2255 348 2294 Primum
373 2256 472 2294 enim
497 2256 648 2305 planum
674 2260 731 2295 est
756 2268 831 2295 non
858 2257 1067 2295 continuari
1088 2257 1125 2295 id
1147 2256 1247 2305 quod
1271 2256 1383 2295 modo
1409 2256 1457 2296 de
1476 2255 1564 2296 filiis

176 2324 323 2362 duobus
348 2323 493 2362 dictum
520 2328 593 2372 est3
619 2324 704 2363 illos
729 2326 829 2363 enim
856 2325 930 2363 sibi
956 2325 1179 2373 superstites
1203 2324 1299 2363 dicit
1323 2324 1501 2363 Cornelia
1524 2329 1565 2363 et

181 2392 296 2430 vitam
322 2403 451 2430 eorum
472 2393 510 2430 in
536 2393 665 2448 mortis
687 2404 777 2431 suae
802 2392 984 2431 felicitate
1005 2395 1195 2430 numerat:
1223 2391 1301 2431 filia
1326 2395 1431 2442 optat
1455 2395 1500 2430 ut
1523 2403 1565 2431 se

177 2459 362 2509 imitetur,
385 2459 425 2498 id
446 2460 547 2508 quod
569 2448 700 2499 eodem
720 2459 847 2500 facere
861 2458 1025 2499 'consilio
1046 2471 1120 2499 non
1141 2464 1279 2509 potest.
1312 2460 1365 2499 At
1385 2471 1481 2510 quae
1502 2472 1565 2500 res
