1862 2676
826 59 1058 97 ...4—

240 175 400 216 habeat:
423 174 504 214 Alii
523 174 812 225 Triptolemum,
833 173 899 214 alii
921 173 1052 215 Osirin
1072 173 1216 224 volunt,
1242 174 1357 225 118911
1366 175 1489 226 magis
1508 182 1658 234 verum

244 248 316 294 est,
337 248 381 284 ut
400 244 496 284 dicit
514 243 745 294 Propertius
766 243 832 283 vel
852 243 1045 293 Tibullus;
1067 265 1124 272 —-
1144 244 1185 284 id
1203 243 1252 284 ad
1262 232 1512 294 Propertium
1529 238 1642 295 plane

241 324 316 351 non
339 315 529 362 spectare,
550 312 618 351 sed
637 312 687 351 ad
708 311 848 351 Tibulli
868 311 906 360 Ι,
937 313 976 350 7.
987 314 1089 361 ,.29
1111 311 1265 352 Primus
1285 316 1415 351 818118
1433 323 1549 355 manu
1570 312 1643 352 sol-

241 381 330 420 lerti
351 380 444 420 fecit
465 379 608 429 Osiris3
632 380 794 430 denique
816 380 917 429 quod
938 379 1099 420 Ovidius
1120 380 1237 421 Trist.
1260 380 1313 430 11,
1327 383 1643 431 46Lpraecepta

242 449 430 489 amatoria
449 449 644 499 Propertii
665 452 935 489 commemoret
954 448 1144 500 (Invenies
1158 449 1290 489 eadem
1299 449 1429 488 blandi
1439 453 1643 500 praecepta

241 519 449 569 Properti):
462 530 537 558 non
557 522 681 558 artem
700 518 841 558 iustam
862 522 901 557 et
920 519 1242 570 praeceptionem,
1260 519 1327 559 sed
1348 522 1553 569 praecepta
1572 531 1643 570 per

244 588 368 626 omnia
390 587 472 626 eius
494 587 686 626 volumina
706 587 878 637 dispersa
898 586 987 635 dici,
1000 588 1081 626 sive
1103 588 1201 626 eain
1220 588 1403 637 exemplis
1420 589 1642 638 consistant,

245 657 340 706 sive,
363 656 464 694 utin
484 655 592 694 lenae
619 656 793 694 oratione
825 654 909 704 (IV,
935 654 988 703 5.)
1019 654 1177 694 formam
1208 655 1324 695 etiam
1353 660 1643 706 praeceptorum

242 723 423 763 referant.
454 724 511 763 Ac
535 723 707 773 profecto
734 723 794 762 vel
822 724 1041 762 huiusmodi
1069 735 1161 763 vera
1186 727 1391 774 praecepta
1415 725 1558 774 passim
1583 736 1643 764 re-

243 793 385 842 perias,
416 792 523 831 velut
552 792 584 842 I,
622 793 687 841 10,
721 794 788 831 21.
826 804 856 831 s.
894 792 950 831 Tu
977 804 1069 831 cave
1099 804 1146 831 ne
1176 792 1279 832 tristi
1313 793 1443 842 cupias
1473 804 1644 843 pugnare

246 861 411 910 puellae,
443 861 548 899 Neve
581 861 747 909 superba
767 861 885 910 loqui,
917 872 1013 899 neve
1044 865 1171 900 tacere
1201 862 1267 900 diu
1288 865 1377 910 cet.,
1409 873 1505 910 quae
1535 862 1567 900 si
1587 860 1643 900 di·
1689 882 1695 885 -

246 941 381 980 spersa
402 929 573 978 colligas,
595 940 669 967 non
692 927 845 968 difficile
867 928 918 968 sit
937 940 982 968 ex
1004 928 1265 980 Propertianis
1290 930 1463 969 versibus
1487 930 1646 970 alteram

245 998 448 1048 quamdam
468 1002 593 1036 artem
614 997 824 1037 Ovidianae
846 998 1004 1037 similem
1026 998 1217 1047 colligere.
1241 997 1349 1046 Quod
1370 1004 1500 1038 autem
1520 999 1643 1038 Lach-

244 1079 403 1106 mannus
424 1078 559 1105 nonam
583 1066 745 1115 elegiam
767 1070 806 1105 et
825 1067 979 1105 tertiam
996 1067 1179 1105 decimam
1201 1078 1248 1104 ex
1267 1066 1368 1105 binis
1389 1079 1462 1105 non
1485 1078 1645 1106 consen-

245 1137 369 1176 taneis
390 1137 563 1186 partibus
583 1140 693 1185 putat
719 1135 914 1185 conflatas,
937 1135 974 1175 id
999 1136 1153 1185 quidem
1175 1136 1451 1186 Hertzbergius
1472 1137 1646 1176 concedit

247 1206 348 1255 (pag.
374 1207 470 1244 218.
495 1206 555 1255 S.),
579 1216 806 1254 quamquam
828 1216 901 1243 non
923 1204 1080 1243 coniicit
1103 1204 1204 1243 idem
1229 1208 1437 1254 propterea
1458 1205 1645 1244 excidisse

246 1275 392 1325 aliquot
412 1274 594 1324 carmina,
617 1274 684 1313 sed
705 1277 793 1323 post
813 1267 976 1313 mortem
997 1273 1166 1312 auctoris
1187 1273 1347 1313 alteram
1368 1277 1514 1323 partem
1535 1273 1647 1312 unius

248 1343 393 1392 elegiae
414 1346 501 1381 ante
523 1354 676 1381 carmen
703 1345 784 1391 10.,
808 1342 965 1381 alteram
993 1345 1082 1390 post
1103 1353 1255 1380 carmen
1283 1344 1346 1380 13.
1369 1342 1513 1381 illatam
1535 1346 1647 1391 atque

247 1415 448 1461 utramque
481 1422 567 1449 cum
588 1410 836 1449 antecedente
858 1410 930 1448 sibi
962 1410 1085 1459 elegia
1115 1410 1300 1449 coaluisse
1332 1410 1544 1449 existimat:
1579 1422 1647 1449 nos

247 1480 342 1518 nihil
368 1479 668 1529 perturbationis
700 1479 956 1528 agnoscimus,
978 1478 1047 1517 sed
1072 1479 1275 1528 utriusque
1299 1479 1443 1528 elegiae
1465 1482 1504 1517 et
1525 1490 1647 1518 nonae

248 1555 287 1588 et
307 1549 448 1588 tertiae
471 1548 640 1588 decimae
663 1559 791 1587 omnes
818 1548 918 1587 inter
939 1559 979 1586 se
1000 1551 1131 1597 partes
1157 1559 1285 1586 rerum
1312 1552 1352 1587 et
1373 1548 1648 1587 sententiarum

249 1618 534 1657 continuatione
546 1621 723 1667 putamus
742 1617 941 1656 contineri.
959 1616 1013 1656 Ut
1029 1617 1129 1656 enim
1149 1628 1171 1656 a
1182 1628 1282 1656 nona
1297 1617 1417 1666 elegia
1433 1617 1646 1656 ordiamur:

250 1687 341 1735 quid
363 1687 516 1726 tandem
539 1690 601 1725 est
621 1698 689 1725 cur
708 1686 805 1725 haec
826 1686 929 1725 inter
950 1697 991 1723 se
1012 1697 1086 1724 non
1108 1685 1354 1727 cohaereant:

369 1815 435 1852 37.
459 1812 568 1852 Nunc
592 1813 768 1862 quoniam
788 1813 865 1851 ista
884 1812 955 1851 tibi
976 1811 1121 1861 placuit
1141 1813 1344 1862 sententia,
1367 1813 1511 1862 cedam,

512 1881 617 1930 Tela,
638 1892 787 1930 precor,
809 1881 932 1930 pueri,
955 1880 1118 1929 premite
1139 1885 1252 1919 acuta
1272 1881 1409 1930 magis,

456 1950 584 1998 Figite
606 1953 797 1988 certantes
817 1955 930 1999 atque
951 1949 1050 1987 hanc
1070 1949 1164 1987 mihi
1186 1949 1321 1989 solvite
1345 1950 1478 1988 vitam:

369 2020 437 2057 40.
514 2018 677 2068 Sanguis
698 2019 771 2057 erit
792 2018 898 2057 vobis
921 2018 1084 2057 maxima
1103 2017 1227 2066 palma
1247 2029 1365 2057 meus.

253 2099 292 2134 et
304 2098 372 2134 41.
391 2108 441 2135 ss.
464 2096 600 2135 Sidera
620 2100 708 2135 sunt
728 2100 847 2135 testes
867 2100 907 2135 et
927 2097 1112 2135 matutina
1132 2097 1268 2144 pruina

512 2165 565 2204 Et
585 2164 715 2203 furtim
735 2164 878 2203 misero
898 2165 1012 2203 ianua
1032 2167 1167 2213 aperta
1185 2164 1295 2202 mihi:

456 2233 509 2271 Te
530 2233 626 2271 nihil
646 2233 685 2271 in
707 2234 783 2271 vita
804 2233 913 2271 nobis
935 2233 1130 2281 acceptius
1149 2244 1330 2282 unquam:

516 2302 627 2341 Nunc
649 2313 798 2351 quoque
820 2303 897 2341 eris
920 2302 1093 2350 quamvis
1115 2302 1168 2341 sis
1190 2302 1344 2341 inimica
1363 2302 1469 2340 mihi.

458 2369 539 2408 Nec
561 2370 714 2408 domina
735 2369 814 2408 ulla
834 2382 917 2409 meo
938 2374 1056 2419 ponet
1075 2370 1237 2419 vestigia
1257 2371 1374 2409 lecto:

515 2437 626 2477 Solus
648 2450 725 2489 ero,
749 2439 923 2488 quoniam
944 2450 1017 2478 non
1038 2439 1131 2478 licet
1152 2450 1235 2478 esse
1255 2443 1374 2479 tuum.
