1862 2676
874 71 1104 108 -20-

291 190 507 232 confitetur.
529 189 653 229 Tanta
672 197 874 227 causarum
896 196 993 235 quae
1012 187 1235 226 tractantur
1250 191 1310 227 est
1334 186 1560 239 communio,
1581 198 1693 239 prae-

291 261 424 299 sertim
455 259 558 297 inter
582 255 829 305 Propertium
860 258 901 294 et
931 252 1124 303 Ovidium,
1158 264 1233 303 qua
1262 255 1311 295 de
1341 266 1385 295 re
1415 256 1506 296 olim
1530 256 1695 297 disserui

290 338 336 366 eo
381 326 530 376 libello,
577 335 689 375 quem
738 322 917 372 inscripsi
937 334 946 360 :
999 321 1057 360 De
1109 322 1295 362 Amorum
1340 322 1468 364 Ovidii
1511 328 1553 364 et
1595 323 1693 365 Pro-

290 395 407 444 pertii
448 394 661 444 elegiarum
707 389 955 430 similitudine
1006 389 1314 439 (Jahresbericht
1362 391 1431 431 der
1470 392 1695 432 St.-Annen

292 462 447 503 Schule.
475 459 811 507 St.-Petersburg,
843 458 987 506 1861):
1020 456 1094 506 Qui
1120 457 1218 507 quod
1244 458 1397 499 libellus
1422 460 1461 498 in
1485 471 1694 511 paucorum
1728 494 1731 498 .

291 542 425 569 manus
451 529 636 579 pervenit,
670 539 744 566 uon
772 526 925 576 quidem
954 526 1079 565 omnia
1099 526 1164 564 illa
1191 527 1389 566 consilium
1414 531 1474 567 est
1492 529 1693 568 transscri-

291 599 399 647 bere,
427 602 469 637 at
488 608 604 636 unum
631 596 799 645 primum
825 593 962 633 librum
991 593 1118 633 Ovidii
1144 595 1198 633 ita
1222 605 1507 645 persequemur,
1532 601 1576 636 ut
1599 608 1695 646 quae

293 667 431 716 cuique
468 665 569 715 apud
605 663 852 713 Propertium
888 662 1145 710 respondeant
1179 662 1405 702 brevissime
1439 664 1693 704 ostendamus.

291 733 346 773 Ut
377 734 497 784 igitur
522 732 683 773 Ovidius
709 732 795 771 Am.
825 730 854 768 Ι.
884 732 919 768 1.
952 728 1072 768 refert
1097 730 1287 779 quomodo
1323 731 1370 770 ab
1398 732 1482 771 aliis
1512 732 1695 781 poematis

291 801 561 851 componendis
599 800 647 839 ab
679 800 821 838 Amore
852 798 901 837 ad
934 798 1076 846 elegias
1105 798 1156 836 sit
1185 803 1407 848 revocatus,
1440 801 1494 839 ita
1528 800 1696 849 Proper-

291 870 369 909 tius
391 869 462 918 ΙΙΙ,
478 871 516 908 3.
530 869 630 909 idem
652 867 724 907 sibi
746 867 794 906 ab
816 866 994 916 Apolline
1014 865 1157 905 factum
1177 869 1325 914 narrat3
1348 869 1392 905 ut
1411 867 1476 905 ille
1503 867 1533 916 1,
1560 869 1625 907 13.
1648 867 1696 906 de

292 937 367 977 fide
403 949 472 977 sua
508 937 793 984 carminumque
829 934 1029 973 nobilitate
1065 934 1165 983 apud
1201 934 1360 974 amicam
1395 935 1606 984 praedicat,
1642 936 1696 975 ita

292 1006 356 1045 hic
377 1006 427 1053 II,
453 1007 519 1044 25.
544 1009 583 1043 et
604 1004 674 1051 ΙΙΙ,
701 1006 754 1051 2.;
781 1006 825 1041 ut
851 1002 914 1040 ille
934 1002 965 1051 Ι,
991 1004 1028 1040 6.
1057 1002 1259 1040 ianitorem
1297 1006 1340 1041 ut
1369 1014 1410 1041 se
1431 1003 1610 1043 admittat
1629 1005 1696 1043 ad-

292 1074 487 1122 hortatur,
511 1073 564 1111 ita
585 1073 647 1111 hic
667 1072 698 1120 Ι,
721 1073 785 1110 16.
809 1071 963 1109 ianuam
983 1069 1077 1108 facit
1098 1070 1241 1109 similes
1263 1071 1426 1110 amantis
1443 1073 1618 1121 querelas
1635 1084 1695 1112 re-

292 1140 496 1189 ferentem;
519 1146 563 1179 ut
583 1140 647 1179 ille
669 1140 700 1188 Ι,
716 1141 754 1178 9.
773 1150 938 1178 amorem
964 1150 1048 1177 cum
1069 1137 1208 1177 militia
1228 1138 1389 1189 confert,
1408 1139 1463 1178 ita
1483 1140 1545 1179 hic
1562 1140 1613 1190 11,
1632 1143 1696 1180 12.

296 1210 479 1248 Amorem
496 1221 582 1248 cum
601 1208 843 1258 puero.ltem
859 1207 1015 1246 alterius
1027 1207 1057 1255 I,
1075 1208 1153 1255 12„
1167 1207 1324 1245 alterius
1335 1207 1405 1255 III,
1425 1209 1491 1246 23.
1513 1208 1560 1247 de
1582 1208 1698 1247 tabel-

296 1279 343 1317 lis
365 1282 435 1316 est.
451 1277 557 1316 Lena
576 1288 663 1315 vero
687 1287 799 1324 quam
815 1280 1033 1323 promptum
1050 1274 1129 1312 illis
1151 1275 1277 1323 poetis
1297 1280 1561 1324 argumentum
1583 1275 1698 1315 fuerit

295 1345 382 1384 inde
403 1346 519 1384 etiam
541 1348 712 1393 apparet,
738 1343 839 1392 quod
866 1342 1038 1380 Tibullus
1064 1353 1214 1391 quoque
1246 1353 1321 1380 non
1349 1342 1411 1381 ille
1441 1343 1593 1392 quidem
1615 1344 1698 1383 eius

298 1413 605 1462 praeceptionem
624 1410 794 1449 carmine
816 1409 1093 1457 complectitur,
1110 1413 1150 1447 at
1166 1415 1294 1447 tamen
1310 1410 1361 1458 ΙΙ,
1378 1412 1416 1459 6,
1436 1412 1504 1449 44.
1527 1411 1697 1450 breviter

297 1481 552 1529 conqueritur,
574 1479 605 1528 I,
632 1481 668 1526 5,
692 1480 760 1516 48.
785 1477 958 1526 pluribus
980 1476 1195 1515 detestatur
1216 1481 1330 1526 atque
1352 1477 1501 1516 elevare
1523 1483 1695 1518 conatur.

382 1547 564 1597 Sequitur
586 1547 747 1595 septima
768 1545 903 1594 elegia,
938 1556 1051 1594 quam
1073 1543 1271 1583 Caruttius
1298 1549 1337 1583 et
1360 1556 1384 1584 a
1403 1545 1599 1595 Propertii
1622 1558 1699 1586 mo-

296 1617 402 1656 ribus
424 1620 463 1655 et
484 1627 506 1654 a
524 1614 713 1665 Cynthiae
733 1614 894 1652 alienam
911 1614 966 1652 ait
982 1624 1080 1652 esse.
1097 1612 1232 1661 Neque
1251 1613 1350 1652 enim
1372 1613 1477 1652 illum
1497 1615 1698 1663 probabile

297 1696 381 1724 esse
403 1695 514 1733 quam
536 1684 626 1723 olim
646 1686 849 1731 tantopere
870 1685 1038 1720 amasset
1054 1681 1136 1719 eius
1151 1679 1265 1719 funus
1286 1692 1446 1731 prorsus
1467 1682 1695 1733 neglexisse,

297 1764 418 1802 neque
443 1752 534 1791 huic
561 1763 658 1801 quae
690 1751 736 1789 de
757 1749 908 1789 Subura
938 1753 1143 1788 narrentur
1178 1761 1260 1788 esse
1293 1754 1559 1789 consentanea.
1592 1750 1697 1799 Quae

295 1825 426 1860 contra
448 1831 582 1858 rursus
603 1819 880 1858 adhortandum
908 1817 1060 1856 videtur
1083 1829 1131 1855 ne
1152 1818 1319 1866 Augusti
1348 1818 1542 1856 saeculum
1564 1823 1697 1858 nostra

296 1888 573 1927 consuetudine
604 1887 818 1925 metiamur.
851 1884 952 1933 Quid
983 1886 1112 1923 enim?
1144 1896 1239 1934 quae
1268 1885 1442 1925 Catullus
1472 1886 1519 1925 de
1544 1886 1694 1936 Lesbia,

299 1956 457 1996 Ovidius
484 1955 531 1994 de
559 1954 729 1993 Corinna
758 1958 957 1998 memorat,
990 1964 1078 1991 num
1110 1964 1154 1991 oa
1183 1953 1425 1992 honestiora?
1453 1953 1528 1992 Sed
1558 1955 1597 1992 in
1623 1955 1703 1993 ista·

299 2023 537 2073 turpitudine
567 2022 629 2060 vel
659 2022 803 2060 morari
834 2020 977 2059 diutius
1008 2024 1122 2069 turpe
1153 2024 1224 2059 est.
1259 2021 1336 2060 Cur
1362 2025 1489 2060 autem
1514 2033 1536 2060 a
1561 2022 1695 2060 funere

300 2091 488 2141 Cynthiae
500 2090 726 2139 Propertius
747 2087 925 2137 abfuerit,
948 2100 1037 2126 num
1058 2088 1152 2127 adeo
1174 2087 1327 2128 difficile
1348 2093 1407 2128 est
1426 2090 1612 2128 rationem
1633 2101 1694 2129 re-

297 2158 451 2209 perire?
475 2157 573 2206 Quid
594 2158 627 2196 si
648 2157 806 2196 discidio
827 2156 928 2196 facto
949 2156 1008 2196 vel
1029 2157 1222 2196 nesciebat
1242 2168 1327 2196 esse
1347 2158 1561 2197 mortuam?
1583 2156 1695 2197 Certe

297 2239 374 2266 non
398 2227 547 2265 tantula
576 2230 660 2265 erat
686 2226 820 2275 Roma,
854 2228 899 2264 ut
929 2224 976 2264 de
1003 2225 1091 2264 talis
1120 2229 1241 2264 morte
1272 2226 1441 2265 mulieris
1465 2227 1526 2266 vel
1551 2227 1696 2266 invitus

297 2295 421 2347 quivis
443 2295 604 2344 audiret,
627 2306 697 2333 nec
718 2294 904 2334 dissimile
925 2294 1009 2333 veri
1030 2296 1090 2333 est
1108 2293 1212 2333 illum
1234 2294 1273 2333 id
1294 2298 1463 2335 secutum
1486 2295 1587 2346 quod
1604 2294 1695 2334 Ovi-

299 2367 384 2405 dius
415 2365 606 2415 praecipit
631 2366 737 2403 Rem.
760 2365 845 2402 Am.
872 2366 969 2403 619.
992 2376 1057 2412 ss.,
1085 2367 1128 2402 ut
1152 2364 1198 2403 de
1228 2364 1416 2403 industria
1442 2375 1591 2403 omnem
1612 2363 1695 2403 eius

297 2433 690 2473 commemorationem
727 2436 840 2481 atque
882 2432 1173 2471 admonitionem
1214 2431 1377 2481 fugeret.
1420 2431 1529 2480 Quod
1567 2433 1693 2471 autem
