1862 2676
840 84 1070 121 -13-

373 198 446 238 Hic
467 198 533 238 ubi
552 202 630 238 tam
650 210 764 239 rarae
784 211 861 239 non
878 199 982 249 perit
1002 199 1099 239 hora
1118 211 1247 241 morae
1268 222 1324 230 —

256 305 311 344 sic
331 305 455 355 accipi
469 307 637 356 oportet,
659 308 703 344 ut
722 317 808 361 non
830 306 956 355 perit
976 305 1026 345 sit
1046 317 1131 345 non
1151 304 1331 347 frustra
1352 306 1525 357 estssed
1547 293 1653 358 ope-

256 384 332 412 rae
358 376 428 412 est
451 375 665 423 pretium,
698 375 808 414 hora
832 381 920 413 tam
951 386 1085 414 rarae
1117 387 1267 415 morae
1293 376 1462 425 dicatur,
1489 377 1588 426 quod
1614 382 1654 417 et

254 452 344 480 raro
370 452 413 480 eo
443 441 629 492 homines,
662 442 809 481 scilicet
838 442 877 481 in
907 443 1169 482 anniversario
1200 443 1266 483 illo
1298 454 1425 492 sacro,
1459 444 1587 483 venire
1613 448 1653 483 et

254 520 339 548 cum
360 510 533 549 venerint
553 521 626 549 non
647 501 725 558 diu,
747 511 814 549 sed
834 511 967 549 horam
988 523 1145 550 manere
1167 511 1328 550 soleant.
1360 511 1459 550 Nam
1479 513 1534 551 sic
1555 512 1651 552 dici-

254 581 320 617 tur
338 579 464 627 perire
489 578 536 617 ab
560 577 695 618 Ovidio
715 579 823 618 Rem.
846 579 932 618 Am.
960 581 1053 618 107.
1082 579 1120 618 Si
1146 583 1272 618 tamen
1297 579 1430 619 auxilii
1456 580 1652 630 perierunt

254 650 428 695 tempora
447 646 573 696 primi.
595 647 692 685 Item
712 646 847 685 haeret
867 647 905 685 in
926 638 990 686 vs.'
1006 649 1091 696 23„
1121 648 1183 686 ubi
1210 651 1269 686 est
1290 659 1380 687 sane
1401 647 1544 697 aliquid
1565 659 1650 687 cor-

253 718 407 763 ruptum
433 715 470 753 in
497 714 707 764 codicibus,
738 714 784 753 de
810 714 946 764 quibus
972 715 1266 764 Neapolitanus:
1294 714 1507 765 Siriganam
1533 719 1648 764 tacto,

256 780 538 830 Groninganus:
566 782 699 821 Serica
719 793 804 820 nam
832 786 941 831 capto
964 803 1020 811 —-
1041 783 1173 830 habet;
1201 783 1239 821 id
1265 784 1389 831 ipsum
1416 788 1544 822 tamen
1569 783 1649 832 pri-

254 849 340 888 dem
364 849 417 888 sic
441 853 654 889 correctum
673 854 747 888 est:
776 848 906 888 Serica
926 861 1013 888 nam
1033 853 1141 889 taceo
1167 850 1262 889 volsi
1283 855 1468 899 carpenta
1487 850 1648 900 nepotis.

254 917 311 956 De
338 917 524 967 Cynthiae
549 918 721 956 moribus
745 929 880 956 rursus
911 918 1109 966 respondit
1135 918 1450 957 Luettiohannes.
1477 917 1534 957 Ac
1560 929 1646 966 pro-

252 983 365 1035 fecto,
393 986 650 1035 cuiuscunque
672 997 755 1025 eam
783 985 926 1025 ordinis
951 985 1069 1025 fuisse
1096 987 1356 1025 existimamus
1379 1009 1430 1014 —
1452 986 1524 1025 hoc
1550 986 1649 1025 enim

246 1055 335 1104 Jure
356 1054 563 1104 ambigitur
588 1077 637 1082 ——
661 1066 782 1103 neque
802 1055 923 1103 ipsius
951 1065 1020 1097 nec
1041 1055 1186 1093 saeculi
1210 1054 1312 1093 illius
1344 1066 1389 1093 ea
1409 1058 1495 1093 erat
1514 1055 1650 1093 sancti-

251 1122 388 1173 monia,
416 1134 511 1171 quae
538 1122 584 1161 ab
610 1123 658 1161 iis
684 1133 781 1171 quae
806 1122 869 1161 hic
899 1126 1105 1161 narrantur
1132 1123 1368 1161 abhorreret.
1393 1123 1521 1172 Atque
1547 1123 1647 1161 idem

251 1189 488 1239 Lygdamum
511 1194 783 1229 commemorat
802 1191 864 1228 vix
884 1191 996 1228 unius
1021 1190 1208 1239 Cynthiae
1230 1190 1296 1229 sed
1319 1191 1432 1229 etiam
1454 1191 1648 1239 Propertii

253 1270 402 1297 servum
421 1257 538 1297 fuisse
563 1258 698 1307 videri,
727 1257 863 1297 collato
883 1258 952 1306 ΙΙΙ,
979 1260 1031 1306 6.,
1061 1258 1127 1296 ubi
1152 1257 1214 1296 hic
1236 1258 1291 1295 illi
1316 1257 1536 1296 libertatem
1556 1269 1647 1306 pro-

251 1327 379 1366 mittit.
407 1325 525 1365 Nobis
552 1338 614 1364 res
640 1327 694 1364 ita
725 1337 764 1364 se
789 1326 967 1364 habuisse
993 1325 1159 1374 videtur,
1188 1330 1231 1364 ut
1255 1325 1319 1364 ille
1346 1325 1533 1375 Cynthiae
1555 1325 1646 1364 dum

251 1394 401 1433 adesset
424 1394 670 1443 ministraret,
698 1394 847 1431 domino
874 1397 999 1431 tamen
1024 1393 1230 1442 Propertio
1259 1397 1446 1442 uteretur,
1476 1393 1538 1442 qui
1561 1404 1646 1431 cum

251 1463 383 1512 opibus
409 1473 483 1501 non
513 1461 714 1501 admodum
741 1461 884 1500 valeret
913 1461 1070 1500 absente
1100 1461 1165 1499 illa
1194 1461 1232 1499 in
1264 1472 1372 1499 suum
1399 1461 1512 1499 etiam
1537 1472 1645 1499 usum

250 1543 335 1570 eum
361 1531 570 1570 adhiberet.
605 1530 717 1578 Quod
742 1541 833 1568 vero
865 1529 911 1567 de
936 1530 1090 1567 theatro
1122 1528 1334 1578 profertur,
1365 1533 1469 1567 recte
1495 1528 1646 1576 quidem

249 1599 546 1638 Luettiohannes
567 1599 849 1646 commemorat,
876 1608 960 1636 cum
981 1597 1160 1635 mulieres
1181 1597 1218 1634 in
1246 1607 1391 1635 summo
1418 1596 1569 1634 theatro
1590 1607 1647 1634 se·

252 1668 341 1706 dere
371 1667 447 1706 sint
477 1666 623 1714 solitae,
651 1665 896 1714 Propertium
927 1665 1077 1703 etiamsi
1105 1676 1179 1703 non
1205 1665 1243 1703 in
1268 1664 1559 1714 quatuordecim
1582 1675 1644 1702 or-

251 1736 401 1775 dinibus
423 1736 585 1784 sederet,
611 1733 830 1773 inferiorem
855 1734 980 1772 locum
1008 1734 1183 1772 obtinere
1209 1733 1396 1782 potuisse:
1424 1733 1491 1771 sed
1516 1736 1643 1771 tamen

250 1816 321 1844 non
347 1804 582 1853 exploratum
608 1806 666 1842 est
690 1814 775 1841 eum
805 1814 879 1841 non
905 1801 1023 1841 fuisse
1057 1802 1237 1851 equitem.
1270 1800 1380 1849 Quod
1405 1812 1641 1850 nequaquam

248 1872 434 1923 probatur
453 1872 499 1910 iis
518 1871 624 1920 locis,
647 1881 742 1920 quos
762 1871 860 1909 hanc
880 1870 919 1908 in
941 1870 1172 1908 sententiam
1197 1869 1346 1918 profert
1366 1869 1639 1918 Hertzbergius

249 1940 415 1990 (Quaest.
438 1952 473 1990 p.
501 1941 600 1989 14.):

332 2049 363 2097 I,
388 2050 426 2097 6,
451 2049 516 2087 25.
540 2069 596 2076 —
618 2058 729 2097 quem
750 2057 899 2095 semper
919 2045 1041 2085 voluit
1062 2043 1218 2084 fortuna
1237 2045 1382 2093 iacere3
1409 2067 1458 2072 —

333 2117 383 2167 ΙΙ,
407 2119 474 2166 24,
499 2118 564 2156 36.
589 2138 645 2144 -—
666 2115 836 2165 quamvis
856 2126 924 2153 nec
946 2114 1133 2163 sanguine
1154 2114 1253 2152 avito

420 2232 569 2272 Nobilis
589 2236 629 2271 et
650 2232 819 2281 quamvis
840 2242 915 2270 non
935 2231 991 2269 ita
1012 2230 1121 2268 dives
1143 2240 1240 2268 eras.

334 2348 385 2399 ΙΙ,
410 2350 476 2396 34,
501 2349 567 2387 56.
593 2371 646 2377 -
667 2370 722 2376 -
744 2347 805 2386 cui
824 2358 944 2395 parva
965 2345 1072 2384 domi
1091 2344 1245 2384 fortuna
1265 2345 1400 2385 relicta
1421 2349 1492 2394 est,

421 2455 559 2495 Nullus
581 2457 620 2494 et
640 2455 796 2504 antiquo
817 2454 942 2492 Marte
963 2453 1180 2502 triumphus
1201 2454 1275 2493 avi.
1300 2475 1354 2482 —
