1862 2676
759 50 1018 119 -355-

189 179 291 226 nime
313 178 455 228 placet,
482 178 595 229 quod,
620 179 653 225 si
680 191 755 223 non
784 180 826 220 in
853 174 1115 231 Groningano,
1142 181 1182 220 id
1207 178 1310 229 quod
1334 176 1491 217 dubium
1519 181 1590 226 est,

127 274 131 277 -
193 251 299 286 certe
329 247 368 286 in
398 246 657 286 deterioribus
680 248 866 287 Italorum
898 249 1093 288 codicibus
1123 250 1290 298 positum
1311 245 1592 294 Hembergius

193 315 339 363 recepit
359 336 414 342 -
435 313 573 362 facta,
601 316 700 364 quod
725 326 861 354 nomen
890 316 1116 365 simpliciter
1144 315 1370 354 collocatum
1400 312 1522 362 magis
1554 312 1594 350 in

198 383 344 431 epicum
379 393 491 431 quam
533 383 574 420 in
607 383 645 421 id
678 382 779 432 quod
815 383 876 422 hic
905 387 1142 423 memoratur
1170 393 1304 432 poema
1338 382 1452 421 cadit.
1492 381 1592 420 Nam

194 449 352 489 Ovidius
373 460 458 487 cum
484 460 529 488 eo
549 461 660 498 quem
681 452 882 489 attulimus
903 451 989 489 loco
1010 450 1130 489 sacta
1160 450 1267 497 dicit,
1289 460 1365 487 uon
1386 449 1480 487 dicit
1500 448 1592 486 sim—

194 517 363 566 pliciter3
396 517 461 555 sed
491 516 591 557 fictis
622 519 793 568 opponit,
826 519 966 567 quippe
993 518 1058 566 qui
1088 518 1248 556 alteram
1279 527 1413 555 versus
1442 519 1592 565 partem

196 584 292 623 hanc
311 583 451 624 faciat:
485 607 537 614 —
569 586 635 625 sed
657 593 782 635 erunt,
805 588 869 636 qui
890 598 950 625 me
970 585 1129 624 finxisse
1150 585 1367 634 loquantur.
1396 584 1522 633 Magis
1542 584 1592 622 ad

196 664 274 691 rem
301 654 529 692 conveniunt
550 666 697 704 sacra,
720 666 816 704 quae
837 655 984 710 recepit
999 654 1180 701 Jacobus‚
1201 653 1275 691 nisi
1299 651 1400 691 forte
1421 652 1591 691 officiunt

196 720 328 759 eadem
350 732 458 759 sacra
480 722 518 760 in
539 734 593 761 vs.
610 723 814 771 68.p0sita
828 724 965 772 (Sacra
986 723 1142 770 diesque
1163 732 1295 759 canam
1311 724 1351 759 et
1370 721 1593 768 cognomina

194 789 323 837 prisca
343 789 550 839 locorum);
580 787 807 839 quamquam
832 790 926 828 sata
951 793 991 828 et
1015 801 1145 828 sacra
1169 789 1260 827 alibi
1286 789 1402 827 etiam
1428 789 1530 827 inter
1549 800 1592 827 se

195 860 426 895 commutata
448 862 550 905 sunt,
583 862 627 896 ut
647 857 760 896 Ovid.
784 857 879 896 Met.
903 857 1010 906 XIII,
1049 858 1141 895 154.
1165 856 1255 895 olim
1282 857 1467 905 scriptum
1488 861 1589 894 erat:

196 922 396 972 Sentitque
418 925 492 963 sibi
513 924 597 963 fera
617 924 711 963 fata
735 919 877 974 parari,
909 928 948 963 at
976 937 1073 964 nunc
1097 924 1301 963 scribitur:
1334 923 1417 963 fera
1449 936 1589 964 sacra.

194 989 362 1029 Maxime
380 1002 468 1029 vero
484 992 633 1040 placent
654 992 782 1039 festa,
801 1004 896 1042 quae
914 1005 1025 1042 quam
1049 993 1275 1031 conveniant
1293 992 1415 1030 sacris
1435 992 1589 1031 diebus-

194 1069 266 1106 que
286 1057 397 1097 facile
419 1064 590 1109 apparet,
621 1072 691 1099 nec
711 1061 838 1099 minus
863 1061 1106 1109 perspicuum
1133 1067 1193 1099 est
1219 1060 1407 1109 quomodo
1438 1061 1476 1098 in
1496 1059 1590 1099 fata

193 1127 363 1164 converti
383 1128 588 1174 potuerint.
619 1127 658 1165 Si
685 1128 784 1166 enim
806 1140 826 1166 s
845 1128 961 1166 litera
982 1129 1036 1166 ita
1061 1131 1144 1165 erat
1170 1128 1316 1176 scripta
1334 1131 1418 1167 ute
1438 1128 1586 1166 literam

194 1193 402 1242 attingeret
432 1199 471 1233 et
501 1207 584 1233 cum
616 1207 661 1234 ea
692 1196 938 1246 coalesceret,
971 1208 1043 1245 pro
1066 1208 1090 1234 a
1111 1196 1227 1234 litera
1252 1195 1374 1244 accipi
1399 1199 1589 1244 poterant,

194 1261 260 1309 qui
285 1273 395 1300 error
422 1252 465 1300 eo
496 1267 580 1301 erat
599 1264 816 1312 proclivior,
849 1276 924 1312 quo
956 1265 1137 1302 usitatius
1169 1268 1209 1302 et
1239 1264 1367 1302 notius
1391 1267 1475 1302 erat
1495 1264 1589 1302 illud

193 1327 285 1367 fata
308 1328 472 1368 dicere.
501 1330 705 1370 Difficilius
726 1336 785 1371 est
806 1335 942 1371 contra
961 1331 1126 1370 alterum
1151 1335 1418 1381 argumentum
1446 1332 1590 1380 dicere,

194 1407 269 1434 non
297 1398 396 1444 quod
423 1399 504 1436 eius
528 1403 635 1437 tanta
661 1402 717 1437 vis
746 1400 810 1447 sit,
838 1400 906 1438 sed
934 1399 1023 1448 quia
1051 1411 1162 1448 quam
1190 1399 1281 1438 velit
1307 1400 1388 1438 eius
1409 1400 1483 1438 vim
1504 1412 1590 1438 esse

191 1463 472 1503 Heimreichius
494 1478 628 1514 parum
648 1467 781 1516 liquet.
803 1467 943 1506 Utrum
960 1468 1065 1506 enim
1085 1479 1161 1506 vss.
1190 1469 1269 1506 135
1284 1490 1339 1495 —
1356 1470 1449 1507 146.
1472 1469 1591 1516 Apol-

191 1532 280 1571 linis
307 1533 384 1572 sint
409 1545 457 1572 an
483 1533 682 1584 horoscopi
709 1536 801 1573 nihil
835 1536 884 1574 ad
909 1547 1004 1574 rem.
1036 1535 1133 1574 Nam
1162 1547 1233 1574 cur
1259 1535 1448 1584 Apollinis
1473 1535 1590 1574 verba

193 1602 294 1649 magi
321 1602 487 1640 orationi
513 1603 703 1652 interponi
728 1607 923 1652 poterunt,
951 1604 983 1642 si
1009 1604 1090 1642 sola
1115 1594 1306 1653 integrum
1333 1615 1489 1643 carmen
1509 1603 1589 1643 effi-

193 1669 281 1717 ciet,
300 1670 357 1708 sin
374 1682 459 1708 cum
478 1672 740 1720 superioribus
762 1672 961 1710 coniuncta
984 1672 1071 1721 erit,
1089 1684 1162 1711 non
1185 1673 1355 1721 poterit?
1376 1671 1452 1711 Sed
1463 1677 1591 1712 tamen

192 1748 239 1775 ne
259 1737 352 1775 illud
374 1738 524 1786 quidem
556 1740 818 1789 perspicimus,
851 1751 920 1778 cur
949 1740 976 1777 ii
1007 1751 1141 1778 versus
1163 1740 1351 1788 Apollinis
1372 1741 1494 1788 magis
1514 1741 1591 1779 sint

192 1816 304 1852 quam
325 1798 539 1854 horoscopi.
563 1807 647 1846 Hoc
667 1819 782 1845 unum
799 1808 970 1845 videmus
996 1808 1183 1846 rationem
1210 1808 1293 1845 eius
1315 1808 1505 1856 opinionis
1526 1820 1589 1847 re-

191 1872 271 1920 peti
291 1873 339 1911 ab
360 1878 406 1912 at
425 1874 613 1923 particula
633 1875 745 1924 (135.
768 1875 825 1913 At
847 1879 889 1912 tu
908 1874 1008 1924 finge
1030 1874 1191 1924 elegos);
1214 1879 1255 1912 at
1274 1875 1313 1912 in
1333 1886 1379 1913 ea
1399 1875 1590 1924 particula

192 1941 288 1979 nihil
308 1946 368 1980 est
389 1954 457 1981 cur
476 1955 549 1981 non
571 1944 737 1982 eiusdem
761 1944 825 1992 qui
846 1948 933 1982 ante
956 1943 1049 1982 dixit
1063 1955 1187 1982 sermo
1204 1943 1458 1982 continuetur.
1476 1943 1589 1993 Elegi

191 2010 291 2047 enim
312 2015 557 2059 opponuntur
576 2011 658 2050 foro
674 2012 699 2050 i.
719 2023 752 2050 e.
767 2011 1004 2060 eloquentiae
1021 2011 1207 2060 simulque
1228 2011 1277 2049 iis
1298 2011 1474 2050 omnibus
1492 2023 1588 2060 quae

190 2090 266 2117 nou
288 2079 422 2119 deceat
441 2066 611 2119 tractar'e
631 2080 890 2130 Propertium,
915 2078 1090 2130 quodque
1111 2084 1158 2119 tu
1179 2091 1386 2129 pronomen
1402 2083 1464 2119 est
1479 2079 1588 2120 addi-

189 2150 284 2195 tum,
307 2148 347 2186 id
368 2149 431 2187 hic
453 2160 527 2187 non
548 2149 633 2197 plus
655 2149 869 2188 offensionis
885 2149 1000 2188 habet
1022 2160 1135 2197 quam
1156 2149 1256 2198 quod
1267 2148 1337 2196 IV,
1362 2150 1402 2195 7,
1429 2150 1496 2187 23.
1519 2150 1586 2198 (At

189 2215 282 2254 mihi
307 2228 380 2255 non
404 2217 531 2256 oculos
561 2218 760 2267 quisquam
791 2217 988 2256 inclinavit
1018 2218 1160 2268 euntis)
1191 2217 1300 2256 mihi
1332 2222 1389 2256 est
1420 2218 1585 2266 positum

189 2287 276 2331 post
296 2289 358 2333 at,
382 2286 453 2323 etsi
474 2297 547 2323 non
576 2285 742 2335 Cynthia
764 2286 828 2324 alii
848 2286 1006 2334 homini,
1030 2286 1098 2324 sed
1115 2286 1288 2324 eiusdem
1309 2286 1501 2324 immerita
1523 2296 1585 2323 so-

189 2351 311 2391 litudo
331 2352 406 2392 fido
430 2354 550 2392 amori
581 2355 798 2404 opponitur<
824 2354 982 2392 Minime
1014 2365 1106 2393 vero
1129 2354 1296 2392 omnium
1316 2353 1479 2401 intelligi
1499 2357 1586 2401 pot-

190 2423 260 2466 est,
292 2432 367 2469 qua
399 2432 514 2460 causa
544 2434 610 2461 eae
636 2422 733 2461 duae
764 2426 916 2471 partes,
952 2434 1049 2471 quae
1080 2434 1193 2461 versu
1228 2425 1295 2461 71.
1319 2422 1585 2471 seiunguntur,
