1862 2676
763 85 993 137 -15-

183 196 929 252 azamimtezetvvoiuntawamorem*
942 201 1134 253 profitens
1161 195 1203 242 et
1225 204 1355 242 tmen
1367 203 1371 225 1
1384 210 1430 240 se
1456 199 1577 239 invito

182 271 384 321 erumpere
398 257 693 321 inea-reliquo
719 267 878 321 quidem
891 263 1217 311 iibroa'matoria
1247 271 1384 311 abesse
1409 262 1579 310 earmina

180 339 320 380 leviter
337 339 518 380 vindicare
543 345 603 380 est
627 334 910 381 existimandus.
940 340 1098 390 Epodon
1122 340 1301 390 primum,
1333 337 1480 390 quo-se
1501 349 1576 377 non

179 409 347 458 praedae
368 408 493 458 causa,
512 409 580 448 sed
600 412 759 461 propter
778 404 921 448 metum
941 413 980 448 et
1001 420 1130 448 curam
1146 409 1379 447 Maecenatis
1392 410 1576 458 'paratum

179 478 342 517 ait‘eum
364 478 404 516 in
425 477 565 516 bellum
587 477 775 527 comitari,
797 489 845 516 ex
866 478 959 527 ipsis
985 479 1204 526 temporum'
1220 476 1430 516 rationibus
1450 476 1578 516 elucet

181 557 257 583 non
288 556 333 584 eo
365 546 526 584 consilio
556 547 736 595 scriptum
751 576 761 595 ,
796 549 840 584 ut
859 545 1000 584 librum
1030 538 1234 593 inciperet3
1260 545 1328 583 cur
1352 545 1475 593 primo
1494 543 1578 582 loco

179 613 387 664 poneretur
406 614 501 653 haec
523 612 686 654 fortasse
707 624 823 654 causa
843 618 938 664 erat,
957 613 1057 664 quod
1080 625 1155 652 non
1175 607 1454 652 incommodum
1469 611 1575 652 vide-

180 684 296 722 batur
325 695 347 722 a
371 682 533 722 fautoris
565 684 923 724 commemoratione
955 683 1093 722 librum
1128 683 1311 732 incipere.
1355 682 1437 721 Nec
1464 693 1576 721 secus

179 751 331 791 videtur
361 752 408 791 de
438 752 519 792 Sat.
548 753 579 801 I,
611 755 667 801 1.‚
700 764 774 802 qua
798 752 1057 791 Maecenatem
1090 751 1226 791 affatus
1253 750 1417 791 ridicule
1448 762 1576 791 secum

179 833 346 870 pugnare
366 822 538 860 homines
560 820 740 869 ostendit,
770 829 857 859 cum
882 832 951 859 nec
977 833 1044 860 sua
1071 821 1268 869 quisquam
1290 824 1397 859 sorte
1418 825 1574 860 conten—

179 893 241 928 tus
263 890 313 927 sit
336 901 407 928 nec
432 893 559 928 tamen
587 900 668 927 eam
696 889 726 926 si
754 889 873 937 possit
898 889 980 927 fieri
1005 891 1191 927 mutatam
1216 888 1328 937 velit,
1355 899 1517 938 cumque
1536 890 1576 928 in

180 969 290 996 usum
311 957 480 996 futurum
503 969 548 995 ea
569 957 773 996 corradant
794 958 932 1006 quibus
955 969 1145 1007 nunquam
1163 961 1332 1006 utantur,
1350 958 1575 997 imminuere

180 1030 351 1065 metuant
371 1038 468 1074 quae
493 1027 566 1065 nisi
593 1030 863 1065 consumantur
881 1026 974 1065 nihil
995 1027 1156 1075 prosint,
1179 1027 1307 1075 parvis
1328 1030 1489 1065 naturae
1510 1038 1575 1065 ne-

179 1095 422 1134 cessitatibus
447 1096 506 1133 vel
530 1096 664 1144 paucis
690 1090 890 1144 satisfieri,
913 1095 1108 1133 hominum
1133 1096 1452 1134 existimationem
1479 1108 1575 1145 quae

179 1164 363 1213 pecuniae
383 1164 554 1212 pariatur
580 1175 653 1202 non
680 1164 777 1202 tanti
803 1174 899 1212 esse,
927 1175 1093 1202 amorem
1120 1175 1165 1201 ea
1190 1175 1263 1202 non
1288 1164 1416 1212 parari
1442 1175 1574 1212 parum

178 1232 402 1280 intelligant,
416 1236 622 1280 contraque
643 1242 709 1269 eos
732 1242 884 1269 errores
905 1231 1054 1270 modum
1078 1242 1161 1270 esse
1181 1232 1221 1269 in
1237 1232 1350 1271 rebus
1364 1232 1573 1281 praedicat.

179 1301 233 1339 At
253 1301 334 1339 Sat.
356 1300 407 1350 II,
435 1302 470 1338 1.
495 1303 535 1338 et
555 1299 722 1338 scribere
743 1311 783 1338 se
805 1298 1008 1348 profitetur
1024 1299 1126 1348 quod
1149 1310 1222 1339 non
1245 1301 1368 1348 possit
1386 1311 1461 1340 non
1483 1302 1573 1341 scri-

178 1369 283 1416 bere,
311 1373 350 1406 et
375 1368 526 1416 satiras,
549 1379 621 1405 non
643 1368 807 1416 Augusti
829 1368 979 1416 laudes,
1002 1368 1103 1416 quod
1123 1368 1183 1405 his
1208 1380 1284 1406 non
1309 1378 1382 1417 par
1406 1370 1470 1418 sit,
1497 1369 1574 1408 illis

177 1441 356 1486 tanquam
393 1437 510 1474 armis
540 1437 619 1474 suis
654 1440 804 1484 utatur,
841 1448 963 1485 neque
995 1447 1079 1474 cum
1111 1437 1277 1486 Augusti
1311 1436 1576 1477 benevolentia

178 1509 285 1544 tutus
316 1505 368 1543 sit
398 1515 622 1553 quemquam
655 1508 841 1552 metuere;
891 1504 1015 1552 Epist.
1040 1504 1090 1547 ΙΙ,
1123 1507 1157 1542 1.
1180 1506 1354 1553 Augusto
1390 1518 1431 1544 se
1460 1510 1574 1555 atque

178 1573 355 1622 aequales
395 1577 526 1621 poetas
562 1576 696 1610 contra
735 1575 903 1610 veterum
945 1572 1081 1609 nimios
1117 1572 1369 1612 admiratores
1405 1574 1575 1613 defendit

178 1643 352 1692 quodque
373 1643 455 1680 eius
476 1640 609 1679 laudes
630 1653 702 1679 non
730 1641 899 1680 celebret
922 1641 1064 1689 ingenii
1090 1641 1148 1679 sui
1172 1641 1437 1682 imbecillitate
1458 1654 1572 1683 excu-

179 1715 253 1759 sat3
276 1711 401 1759 Epist.
415 1710 446 1759 I,
463 1711 499 1747 1.
513 1710 727 1748 Maecenati
749 1721 790 1747 se
811 1709 969 1757 exponit
991 1709 1038 1747 ad
1059 1710 1220 1757 pristina
1240 1711 1408 1750 carmina
1428 1710 1574 1752 frustra

178 1779 368 1828 revocari,
397 1779 485 1828 quia
510 1778 583 1817 iam
614 1776 876 1827 philosophiae
902 1777 1112 1827 virtutique
1137 1778 1298 1817 studeat.
1325 1778 1503 1830 Persius,
1530 1783 1575 1818 ut

178 1848 253 1885 iam
279 1859 344 1886 eos
370 1848 434 1896 qui
460 1846 610 1894 longius
638 1858 660 1884 a
686 1846 888 1894 Propertio
915 1846 1075 1894 distant,
1108 1857 1377 1896 memoremus,
1404 1848 1451 1885 iis
1477 1858 1573 1897 quos

178 1916 306 1956 satiris
338 1917 418 1955 suis
450 1914 649 1964 praemisit
670 1914 948 1964 Hipponacteis
974 1926 1049 1954 non
1071 1919 1223 1964 poetam
1250 1927 1291 1955 se
1317 1916 1383 1955 sed
1409 1916 1572 1966 semipa-

177 1987 317 2033 ganum
341 1985 557 2034 praedicat3
590 1983 780 2022 Iuvenalis
805 1984 927 2031 prima
957 1985 1075 2021 satira
1101 1996 1168 2022 cur
1194 1984 1338 2022 scribat
1362 1989 1402 2023 et
1422 1985 1511 2034 quid
1534 1988 1574 2022 et

178 2053 225 2091 de
252 2053 389 2103 quibus
415 2052 559 2091 scribat
585 2056 869 2091 commemorat.
892 2052 1071 2091 Poteram
1097 2051 1237 2092 addere
1262 2053 1310 2092 de
1331 2053 1509 2092 Phaedro
1534 2055 1575 2091 et

178 2122 370 2171 Martiale,
393 2123 425 2160 si
445 2121 535 2171 quid
557 2122 644 2159 novi
665 2122 765 2171 apud
789 2133 855 2160 eos
876 2125 1116 2160 cerneretur:
1140 2122 1207 2160 sed
1230 2134 1277 2161 ex
1297 2122 1345 2161 iis
1366 2134 1462 2172 quae
1484 2133 1574 2171 pro-

179 2190 248 2229 tuli
279 2191 372 2229 satis
404 2194 462 2229 est
496 2191 754 2239 perspicuum,
793 2191 931 2239 quibus
967 2190 1199 2229 carminibus
1235 2194 1373 2239 poetae
1404 2191 1574 2241 singulos

179 2258 295 2297 libros
321 2258 499 2296 inducere
526 2257 686 2295 soleant.
722 2257 801 2295 Aut
827 2258 926 2295 enim
954 2251 1050 2307 quae
1081 2258 1203 2307 prima
1228 2256 1376 2296 faciunt
1405 2258 1573 2297 carmina

179 2326 282 2366 nulla
307 2329 412 2365 certa
442 2329 480 2364 et
500 2326 705 2376 perspicua
734 2338 848 2365 causa
871 2327 910 2365 in
941 2327 1062 2366 initiis
1095 2327 1293 2377 collocant,
1324 2331 1391 2367 aut
1419 2327 1572 2375 siquae

179 2395 363 2435 eiusmodi
393 2396 492 2434 ratio
523 2396 709 2440 cernitur,
741 2397 823 2445 qui,
856 2396 965 2445 quid,
999 2396 1077 2445 cui,
1109 2393 1226 2445 unde,
1260 2396 1464 2445 quomodo,
1496 2407 1573 2445 qua

179 2476 305 2515 causa,
329 2475 403 2514 quo
425 2464 582 2503 consilio
604 2463 775 2503 scribant
800 2464 859 2502 vel
879 2475 953 2502 non
975 2464 1147 2503 scribant
1172 2463 1411 2514 profitentur,
1438 2464 1572 2514 utique
