1862 2676
772 85 1003 123 -91-

188 197 464 247 indulgentiam
500 202 680 238 revocata
714 200 892 239 oratione
921 199 1185 249 proferantur:
1223 209 1344 248 supra
1370 208 1478 247 quae
1512 198 1593 237 vult

186 265 290 315 fieri,
323 277 369 305 ea
399 269 439 305 et
458 267 656 306 iracundia
675 270 852 306 movetur
872 270 916 306 ut
936 268 1029 305 velit
1049 278 1118 306 nec
1136 271 1215 306 tam
1237 266 1394 305 mandat
1414 265 1592 314 cuiquam

188 344 302 383 quam
321 336 443 383 optat,
464 345 551 373 cum
570 345 643 373 non
663 334 870 384 Propertio
891 338 935 373 ut
955 333 1195 383 Lygdamum
1216 337 1255 372 et
1276 333 1488 372 Nomadem
1509 335 1594 372 tor-

188 405 303 449 queat
322 402 552 449 committat,
584 402 653 440 sed
673 413 739 440 eos
760 402 985 440 detestetur.
1030 402 1236 439 Tormenta
1266 404 1393 439 autem
1419 401 1458 438 in
1484 401 1593 439 dete-

187 468 322 507 stando
348 468 573 518 saepissime
593 469 775 518 appellari
795 480 906 507 nemo
928 469 1051 507 nescit
1062 468 1137 517 ,qui
1156 466 1336 506 Plautum
1356 467 1468 517 legit,
1491 468 1593 517 apud

188 547 300 585 quem
321 537 368 575 de
389 537 509 575 servis
529 536 622 575 illud
649 537 721 575 abi
747 537 791 574 in
817 537 971 575 malam
998 547 1173 574 crucem
1200 534 1506 584 frequentissime
1533 535 1591 574 di-

166 604 302 642 citur.
346 602 453 652 Quae
483 603 688 643 detestatio
722 607 764 642 ut
794 616 817 643 a
847 604 1037 643 mandatis
1067 603 1142 642 illis
1173 603 1295 642 aliena
1316 607 1376 642 est
1394 603 1449 642 ita
1469 603 1506 642 ei
1526 603 1593 642 ubi

187 672 315 719 posita
336 676 397 710 est
416 672 498 711 loco
519 673 683 711 maxime
704 673 892 711 convenit.
931 671 1032 720 Quid
1052 672 1151 710 enim
1173 671 1294 719 magis
1316 674 1592 710 esvconsenta·

187 750 301 778 neum
313 751 427 789 quam
438 740 471 778 si
483 741 568 789 quis
579 740 695 779 alium
705 740 919 779 detestetur
928 740 983 779 ibi
994 740 1236 790 potissimum
1246 738 1433 778 detestari
1444 738 1510 777 ubi
1518 738 1594 777 cul·

188 817 236 856 pa
253 807 336 846 eius
350 807 477 857 aliqua
492 811 700 847 memorata
714 808 862 847 recenti
877 808 1060 846 memoria
1080 808 1128 846 ad
1150 807 1421 846 detestandum
1442 817 1593 855 permo-

187 876 346 914 veatur?
368 875 476 925 Quod
497 877 571 915 etsi
589 876 712 925 ipsum
733 887 803 925 per
824 887 866 915 se
882 876 975 914 satis
992 879 1052 914 est
1069 876 1329 924 perspicuum,
1350 873 1595 913 confirmatur

188 942 290 981 idem
309 954 428 992 paene
451 944 627 982 omnibus
648 943 744 981 locis
766 944 904 991 quibus
931 943 1159 991 Propertius
1180 964 1229 970 —
1251 945 1295 980 ut
1314 943 1355 980 in
1375 942 1447 981 hoc
1469 944 1594 982 consi-

188 1013 335 1049 stamus
356 1032 413 1039 -
433 1010 620 1049 similibus
641 1010 818 1059 precibus
839 1011 973 1049 utitur.
1019 1009 1082 1049 Sic
1105 1010 1205 1048 enim
1225 1009 1293 1058 IV,
1319 1011 1357 1058 3,
1385 1011 1453 1048 19:

304 1124 478 1173 occidat,
500 1125 638 1175 inquit,
660 1126 853 1164 immerita
875 1125 940 1174 qui
961 1126 1107 1173 carpsit
1128 1125 1176 1163 ab
1199 1125 1337 1164 arbore
1358 1125 1515 1163 vallum!
1536 1148 1592 1153 —

185 1253 387 1300 postquam
421 1249 627 1299 descripsit
650 1250 689 1288 in
716 1250 855 1299 quibus
877 1250 1105 1299 quantisque
1126 1250 1237 1289 malis
1257 1250 1455 1289 Arethusa
1475 1250 1593 1290 bello-

190 1330 277 1357 rum
298 1329 415 1357 causa
435 1321 673 1365 versaretur3
698 1319 751 1356 sic
771 1318 823 1367 ΙΙ,
850 1319 916 1365 33,
942 1320 978 1356 3.

306 1434 433 1482 Atque
456 1434 600 1472 utinam
620 1436 755 1482 pereat
774 1433 863 1472 Nilo
887 1444 984 1482 quae
1006 1444 1118 1471 sacra
1138 1436 1292 1481 tepente

364 1501 476 1539 Misit
488 1523 543 1528 —

190 1617 255 1655 ubi
277 1616 480 1664 Cynthiam
501 1616 614 1654 Isidis
647 1627 764 1654 causa
784 1616 859 1654 iam
880 1617 1010 1655 decem
1032 1620 1162 1654 noctes
1189 1628 1211 1654 a
1238 1627 1278 1654 se
1305 1616 1474 1655 abfuisse
1502 1628 1594 1665 que-

193 1687 276 1723 stus
298 1687 374 1732 est3
397 1684 452 1722 sic
473 1683 524 1734 II,
553 1684 618 1733 18,
643 1685 715 1723 27:
1027 1689 1031 1692 ’

308 1800 370 1839 11Ιί
390 1800 461 1839 sub
484 1800 603 1839 terris
624 1799 717 1839 fiant
737 1800 837 1839 mala
857 1800 976 1839 multa
996 1800 1143 1849 puellae

366 1868 472 1916 Quae
493 1869 655 1908 mentita
675 1881 764 1908 suas
785 1869 903 1908 vertit
923 1870 1053 1918 inepta
1074 1881 1201 1908 comas
1214 1891 1270 1897 —

194 1996 277 2024 cum
300 1984 456 2024 eandem
482 1984 683 2034 Cynthiam
712 1985 812 2034 quod
839 1996 928 2024 suos
950 1985 1073 2024 crines
1094 1984 1256 2035 fingeret
1277 1985 1507 2034 obiurgavit;
1540 1985 1596 2023 sic

192 2053 244 2100 II,
269 2053 308 2100 9,
332 2054 433 2090 475:
899 2057 903 2060 “
1618 2047 1624 2053 ’

311 2168 442 2216 Atque
462 2167 622 2216 utinam,
645 2167 677 2205 si
697 2166 799 2205 forte
819 2167 904 2215 pios
926 2167 1125 2205 eduximus
1147 2179 1280 2216 annos,

369 2233 439 2273 Ille
460 2234 520 2273 vir
541 2235 580 2273 in
601 2234 724 2274 medio
747 2234 815 2274 fiat
835 2245 964 2274 amore
984 2235 1098 2285 lapis!
1115 2257 1168 2263 —

197 2354 399 2401 postquam
419 2362 534 2390 versu
555 2354 625 2390 46.
669 2351 871 2401 Cynthiae,
899 2363 974 2391 non
995 2353 1100 2401 licet,
1131 2353 1255 2401 inquit
1277 2363 1362 2391 esse
1383 2355 1501 2400 tuum,
1524 2350 1599 2389 sci-

195 2418 284 2459 licet
303 2423 463 2469 propter
479 2420 668 2459 aemulum
687 2421 893 2469 potiorem3
917 2421 973 2460 sic
994 2421 1090 2470 I,7.,
1112 2424 1318 2470 postquam
1338 2425 1424 2459 ante
1441 2421 1602 2458 mortem
