1862 2676
749 78 971 116 -75-

191 194 242 242 11,
268 196 361 233 503.
386 206 436 233 ss.
460 193 621 233 Pulcher
641 199 680 234 et
700 195 862 233 humano
885 195 1002 233 maior
1021 194 1228 242 trabeaque
1251 192 1414 231 decorus

512 262 690 301 Romulus
711 264 749 300 in
763 262 892 300 media
911 262 1016 301 visus
1036 262 1168 300 adesse
1191 261 1251 299 via

455 330 505 368 Et
526 330 665 368 dixisse
685 330 795 368 simul
820 351 868 356 —

244 435 312 480 111,
341 437 432 473 171.
459 457 509 463 —
537 413 591 464 —.
611 458 665 463 —
686 436 740 473 sic
763 436 886 482 posita
907 434 1004 473 dixit
1026 434 1117 472 mihi
1138 434 1283 472 casside
1306 433 1474 482 Mavors,

513 504 584 541 Sed
606 508 732 542 tamen
754 503 791 541 in
814 503 950 541 dextra
971 502 1127 540 missilis
1147 502 1257 540 hasta
1269 500 1362 546 fuit.

167 622 351 669 Denique,
375 629 416 659 ut
437 622 509 660 alia
530 624 736 669 mittamus,
759 620 859 670 quod
884 620 1003 659 forma
1029 621 1143 658 etiam
1170 626 1209 658 et
1232 619 1360 658 verbis
1386 620 1550 667 Proper-

166 690 267 727 tiano
289 689 413 728 versui
435 690 591 728 similius
615 695 685 737 est,

166 798 269 836 Fast.
298 799 340 837 V.
371 801 462 838 193.
486 812 516 838 s:
541 799 602 837 Sic
625 811 716 848 ego:
741 800 794 837 sic
817 800 958 837 nostris
986 798 1180 846 respondit
1202 798 1298 835 Diva
1324 797 1483 844 rogatis.

560 904 563 906 ,
601 868 699 905 Dum
723 867 904 915 loquitur,
927 877 1061 904 vernas
1082 865 1186 904 efflat
1206 866 1253 903 ab
1275 876 1340 903 ore
1361 876 1480 903 rosas.

166 971 307 1020 Quodsi
334 973 374 1010 in
400 972 460 1010 his
487 972 647 1020 aliisque
677 972 1015 1010 innumerabilibus
1040 971 1220 1019 exemplis
1248 971 1371 1019 qualis
1393 971 1554 1020 quisque

165 1039 253 1077 dum
275 1039 445 1088 loquitur
472 1038 588 1078 fuerit
612 1040 876 1089 perscribitur,
905 1040 994 1089 quid
1021 1044 1079 1078 est
1109 1052 1179 1078 cur
1203 1039 1311 1078 lenae
1331 1039 1552 1087 Propertiu—

166 1119 236 1146 nae
262 1107 371 1146 foeda
399 1108 538 1146 macies
565 1109 736 1147 oratione
761 1109 933 1157 exposita
959 1120 1030 1146 non
1056 1115 1298 1157 memoretur,
1330 1119 1414 1147 cum
1441 1120 1551 1156 prae-

165 1178 296 1215 sertim
319 1177 384 1214 tali
406 1177 554 1214 mulieri
576 1177 662 1214 talis
683 1177 807 1215 oratio
828 1177 988 1215 maxime
1015 1176 1066 1214 sit
1092 1181 1357 1223 consentanea,
1384 1187 1551 1225 quaeque

164 1256 211 1282 ex
232 1246 445 1292 praeceptis
466 1245 546 1283 eius
577 1246 748 1283 nascitur
777 1245 984 1293 indignatio
1017 1232 1252 1292 turpitudine
1282 1245 1553 1293 praecipientis

167 1313 304 1350 mirum
332 1313 370 1350 in
396 1312 546 1350 modum
579 1313 785 1360 augeatur?
806 1333 863 1343 —-
884 1312 965 1360 Quo
997 1324 1086 1350 vero
1112 1314 1195 1350 iure
1221 1324 1371 1350 versum
1395 1314 1462 1351 70.
1487 1325 1553 1351 ne-

164 1386 276 1428 gatur
302 1392 387 1419 cum
417 1381 600 1428 proximis
630 1392 715 1418 esse
746 1381 1015 1419 coniunctum?
1047 1381 1142 1418 Nam
1174 1381 1326 1419 sordida
1355 1382 1482 1429 inopia
1513 1386 1553 1419 et

165 1448 368 1496 pergula,
391 1452 436 1486 ut
458 1447 556 1496 apud
578 1448 796 1486 Petronium
816 1448 893 1487 Sat.
919 1450 985 1487 74.
1009 1449 1097 1498 (Hic
1120 1449 1183 1497 qui
1203 1449 1241 1486 in
1263 1449 1420 1497 pergula
1438 1454 1550 1488 natus

166 1522 237 1564 est,
259 1516 372 1554 aedes
395 1527 469 1554 non
491 1516 679 1564 somniat),
709 1520 747 1554 et
772 1516 942 1565 algenti
968 1516 1065 1555 foco
1091 1516 1304 1564 indicatum
1331 1516 1462 1555 eadem
1483 1530 1550 1556 au-

168 1589 246 1622 tem
277 1587 316 1623 et
346 1588 432 1622 ante
462 1584 680 1622 declaratur
711 1584 938 1633 tegetibus
969 1586 1171 1633 paternis
1208 1590 1247 1623 et
1277 1589 1363 1633 post
1393 1585 1551 1625 sordidis

165 1653 345 1701 exequiis,
368 1657 412 1691 ut
432 1664 577 1691 omnem
598 1653 698 1691 hunc
724 1653 848 1691 locum
876 1653 916 1691 in
941 1653 1071 1692 eadem
1099 1666 1141 1691 re
1167 1655 1335 1692 consumi
1360 1659 1548 1703 appareat.

165 1720 245 1759 Nec
275 1720 432 1757 dubium
463 1723 533 1767 est,
566 1730 634 1757 cur
668 1720 729 1758 hic
756 1721 993 1767 potissimum
1025 1732 1070 1758 ea
1099 1732 1160 1758 res
1192 1726 1412 1769 exponatur.
1445 1721 1552 1768 Quod

167 1787 262 1830 enim
287 1786 443 1830 Ovidius
464 1787 549 1829 Am.
573 1787 603 1839 Ι,
627 1788 666 1840 8,
687 1790 783 1830 extr.
801 1800 824 1830 a
844 1787 902 1830 dis
921 1788 1020 1841 petit
1041 1791 1082 1830 ut
1104 1800 1172 1841 pro
1189 1787 1363 1841 turpibus
1384 1789 1552 1832 consiliis

165 1858 271 1892 lenae
292 1859 484 1892 tribuatur
507 1878 557 1882 —
576 1859 807 1903 nullosque
828 1859 946 1893 lares
967 1860 1231 1903 inopemque
1253 1865 1479 1895 senectam
1495 1881 1550 1886 —

165 1922 204 1965 id
227 1922 447 1976 Propertius
468 1922 624 1964 deorum
646 1921 825 1965 beneficio
848 1929 982 1965 narrat
1002 1936 1086 1965 esse
1109 1923 1251 1966 datum.

256 2029 416 2068 Sextae
438 2030 581 2080 elegiae
603 2011 900 2069 Luettiohannes
922 2032 1063 2069 medios
1085 2042 1226 2079 versuS‚
1258 2032 1323 2080 qui
1345 2037 1433 2070 sunt
1452 2043 1474 2070 a
1494 2043 1549 2071 vs,

173 2101 218 2138 11
250 2123 298 2129 -
326 2103 392 2140 68.

400 2197 510 2236 Musa
530 2195 692 2236 Palatini
714 2195 923 2237 referemus
947 2196 1124 2247 Apollinis
1146 2196 1274 2235 aedem
1298 2219 1347 2225 -

321 2287 376 2292 —
397 2265 483 2303 Una
503 2267 633 2304 decem
654 2267 746 2304 vicit
765 2267 880 2304 missa
900 2267 1038 2314 sagitta
1058 2270 1170 2304 rates.
1198 2289 1250 2294 —

166 2373 268 2421 ipsos
288 2372 478 2421 integrum
504 2384 586 2411 esse
617 2384 766 2411 carmen
794 2377 907 2422 atque
935 2385 957 2412 a
982 2372 1117 2411 ceteris
1143 2374 1384 2423 separandos,
1411 2379 1452 2412 ut
1471 2374 1547 2413 duo

164 2439 258 2477 fiant
277 2451 323 2478 ex
344 2451 416 2477 uno
437 2441 616 2488 carmine,
638 2441 864 2479 arbitratur.
888 2441 985 2479 Nam
1007 2441 1183 2488 primum,
1205 2442 1238 2479 si
1258 2453 1332 2479 una
1351 2445 1450 2478 esset
1470 2442 1547 2480 ele-
