1862 2676
919 18 1197 84 —4.2--'

337 164 561 203 Acceditut
583 162 771 202 neminem
790 161 911 211 magis
932 160 1069 201 deceat
1089 160 1258 212 definire,
1280 160 1378 212 quod
1397 172 1519 211 genus
1535 160 1730 204 scribendi

339 231 573 281 sequendum
594 231 656 279 sit,
680 241 790 279 quam
811 229 972 268 eundem
993 229 1097 268 illum
1113 230 1178 278 qui
1198 229 1245 268 ab
1261 231 1336 270 alio
1356 235 1497 279 genere
1518 229 1728 278 devocavit,

337 303 453 348 utque
474 297 760 338 desideraretur
785 298 942 347 aliquid,
973 298 1047 336 nisi
1075 298 1139 346 qui
1165 297 1395 341 vaticinandi
1421 297 1494 336 sibi
1524 301 1645 354 artem
1664 297 1728 337 as·

339 367 505 416 sumpsit
525 378 606 406 eam
637 367 758 416 ipsam
783 369 905 405 artem
934 364 1160 414 praestaret.
1189 364 1299 414 Quod
1324 377 1459 415 parum
1483 364 1528 404 fit
1547 366 1729 405 extremis

339 435 489 474 duobus
511 434 685 473 distichis
712 445 810 483 quae
836 433 1026 472 monentis
1045 433 1165 482 magis
1186 444 1296 481 quam
1312 433 1439 473 futura
1460 434 1630 473 canentis
1646 445 1729 473 esse

339 506 512 553 apparet.
546 502 620 541 Sed
646 502 829 541 hactenus
856 505 988 540 contra
1008 501 1331 540 Heimreichium:
1363 513 1460 541 nunc
1487 501 1535 541 ad
1556 502 1729 542 Luettio-

339 570 503 609 hannem
522 571 712 618 venimus,
746 570 810 618 qui
834 570 930 608 hanc
957 570 1113 618 primam
1141 569 1300 618 elegiam
1325 582 1398 609 non
1425 571 1462 608 in
1485 571 1579 608 duas
1599 574 1729 619 partes

339 637 534 687 discerpit,
556 638 621 676 sed
637 639 713 676 tria
734 649 779 675 ex
800 649 846 676 ea
865 637 958 676 facit
977 638 1159 685 carmina,
1182 637 1292 675 immo
1308 637 1458 688 integra
1474 639 1639 677 carmina
1654 638 1729 676 duo

337 706 520 755 tertiique
542 705 721 754 quasdam
740 705 838 743 male
859 705 961 743 inter
982 716 1023 743 se
1045 704 1291 743 cohaerentes
1311 705 1529 753 particulas.
1547 705 1618 744 Sed
1636 706 1729 743 nihil

340 773 479 812 attinet
495 784 725 821 cognoscere
741 784 835 821 quos
851 772 915 810 ille
932 772 1039 821 quasi
1060 776 1240 810 centones
1259 773 1508 821 conglutinet:
1526 774 1598 812 hoc
1615 785 1730 811 unum

341 844 475 879 nostra
495 840 616 900 refert
635 841 771 889 quibus
803 851 989 889 quamque
1021 840 1234 878 rationibus
1260 843 1408 888 partem
1431 852 1478 879 ex
1498 852 1543 879 eo
1565 841 1630 890 qui
1650 844 1730 879 tra·

343 908 446 947 ditus
468 912 528 947 est
556 905 689 947 ordine
715 908 859 957 elegiae
892 908 1039 956 eripere
1066 913 1243 955 conetur3
1275 909 1322 946 ad
1348 920 1458 957 quem
1484 908 1606 947 locum
1633 920 1731 947 nunc

342 976 562 1013 transimus.
595 977 653 1014 Ac
683 976 848 1024 primum
880 975 1030 1023 quidem
1058 986 1132 1013 VSS.
1164 977 1215 1013 39
1239 998 1294 1002 —
1319 978 1384 1014 54.
1409 987 1456 1014 ex
1483 976 1605 1025 primo
1632 976 1732 1025 quod

340 1044 420 1092 ipse
442 1044 579 1083 statuit
597 1044 763 1083 carmine
786 1043 1028 1093 expellendos
1049 1030 1199 1082 censet:

465 1182 531 1219 39.
554 1179 640 1218 Huc
661 1179 797 1218 melius
817 1178 995 1228 profugos
1017 1180 1165 1227 misisti,
1189 1180 1314 1227 Troia,
1338 1180 1518 1227 Penate33

607 1247 638 1286 O
661 1247 761 1295 quali
785 1250 895 1285 vecta
915 1251 976 1285 est
995 1246 1174 1285 Dardana
1195 1247 1330 1295 puppis
1351 1248 1436 1285 ave!

556 1314 638 1353 Iam
658 1313 753 1352 bene
773 1314 1009 1362 spondebant
1031 1319 1119 1352 tunc
1140 1315 1277 1362 omina,
1300 1315 1400 1363 quod
1420 1315 1512 1353 nihil
1535 1315 1637 1353 illam

607 1381 792 1420 Laeserat
812 1381 965 1429 abiegni
985 1385 1118 1419 venter
1138 1384 1292 1430 apertus
1314 1381 1415 1431 equi,

564 1448 659 1488 Cum
680 1452 790 1497 pater
810 1449 848 1486 in
868 1450 973 1498 gnati
994 1448 1168 1497 trepidus
1190 1449 1338 1487 cervice
1357 1449 1550 1499 pependit,

610 1516 663 1555 Et
683 1517 804 1555 verita
825 1519 885 1555 est
905 1517 1083 1554 humeros
1104 1528 1218 1555 urere
1238 1516 1386 1556 flamma
1406 1517 1501 1565 pios.

560 1584 666 1622 Tunc
689 1585 803 1622 animi
823 1596 963 1623 venere
984 1584 1093 1633 Deci,
1117 1585 1299 1634 Brutique
1321 1596 1489 1634 secures,

609 1651 726 1690 Vexit
747 1656 787 1690 et
806 1652 889 1699 ipsa
910 1652 967 1689 sui
991 1651 1165 1690 Caesaris
1184 1663 1289 1690 arma
1311 1652 1463 1690 Venus:

560 1721 678 1757 Arma
698 1719 934 1767 resurgentis
956 1723 1114 1767 portans
1135 1719 1307 1758 victricia
1328 1719 1466 1758 Troiae

609 1787 718 1825 Felix
738 1791 844 1826 terra
866 1790 954 1826 tuos
975 1787 1089 1836 cepit,
1112 1787 1206 1836 Iule,
1230 1788 1337 1826 deos!

559 1854 599 1893 Si
620 1855 730 1893 modo
753 1855 953 1893 Avernalis
974 1855 1160 1893 tremulae
1182 1855 1329 1894 cortina
1344 1854 1505 1904 Sibyllae

609 1922 715 1961 Dixit
735 1922 925 1961 Aventino
948 1934 1036 1961 rura
1059 1923 1199 1971 pianda
1218 1923 1353 1971 Remo,

562 1992 642 2028 Aut
662 1990 693 2028 si
717 1988 947 2038 Pergameae
969 2002 1054 2028 sero
1076 1994 1159 2029 rata
1180 1991 1349 2029 carmina
1369 1991 1466 2029 vatis

609 2045 850 2106 Longaevnm
874 2057 921 2096 ad
942 2058 1086 2096 Priami
1109 2057 1200 2097 vera
1220 2057 1326 2097 fuere
1349 2063 1489 2108 caput:

562 2125 782 2164 —Vertite
804 2137 943 2175 equum
965 2126 1102 2165 Danai!
1125 2126 1222 2165 male
1245 2127 1416 2166 vincitis:
1440 2127 1510 2165 Ilia
1532 2127 1641 2166 tellus

611 2194 738 2242 Vivet,
762 2198 800 2232 et
821 2195 909 2233 huic
930 2194 1047 2233 cineri
1069 2195 1242 2244 Iuppiter
1262 2206 1367 2233 arma
1387 2195 1505 2234 dabit.
1522 2218 1576 2223 --

347 2327 445 2365 Nam
469 2338 590 2375 neque
611 2330 747 2367 hucin
769 2341 824 2367 vs.
850 2332 915 2367 39.
939 2330 1082 2367 habere
1105 2341 1177 2377 quo
1199 2330 1404 2377 referatur,
1428 2331 1500 2368 etsi
1515 2331 1666 2368 Latium
1689 2330 1738 2368 si-

346 2393 519 2443 gnificari
550 2399 722 2443 apertum
757 2396 823 2444 sitg
857 2407 926 2434 nec
956 2396 1114 2435 melius
1145 2408 1257 2446 posse
1284 2397 1478 2446 explicari,
1512 2408 1596 2435 cum
1622 2397 1740 2437 Roma
