1862 2676
195 198 240 235 ut
269 194 312 233 C.
344 194 522 234 Valerius
554 195 714 236 Flaccus
746 197 890 246 Argon.
923 197 1028 246 VIII,
1065 200 1130 236 20.
1165 209 1213 235 ss.
1247 197 1293 243 de
1323 195 1463 235 Medea
1493 207 1588 244 quae

196 274 307 302 mane
327 263 375 302 ad
395 263 565 302 Iasonem
588 265 739 304 abitura
760 268 820 304 est
839 265 932 303 haec
955 265 1068 304 dicit:

427 399 519 438 Inde
538 400 641 440 velut
660 404 761 440 torto
782 400 984 439 Furiarum
1005 400 1127 439 eiecta
1147 400 1296 449 flagello

427 467 595 516 Prosilit,
618 470 780 507 attonito
801 469 920 516 qualis
939 469 1036 516 pede
1058 469 1206 516 prosilit
1226 469 1292 506 Ino

428 535 471 573 In
492 534 610 584 freta;
634 559 689 564 —

194 684 263 711 nec
285 663 437 711 difficile
459 676 517 711 est
537 673 714 711 similium
738 674 904 712 locorum
926 685 1066 722 augere
1089 672 1354 720 numerum,‚si
1370 683 1463 720 opus
1481 671 1587 710 vidc—

194 746 313 780 retur.
338 741 605 790 Superioribus
625 747 750 780 autem
774 743 959 791 versibus,
985 744 1051 781 27.
1072 755 1116 790 s.‚
1139 745 1287 780 tantum
1310 741 1419 780 abest
1438 749 1480 779 ut
1502 752 1584 790 que

192 809 379 866 particula
404 810 554 848 diversa
586 821 647 847 res
678 810 725 848 ad
757 811 926 848 diversas
957 811 1132 858 addatur,
1166 816 1209 848 ut
1239 811 1278 848 in
1310 811 1438 848 eadem
1472 823 1586 849 causa

191 881 386 926 pergatur.
427 877 537 916 Omni
569 878 666 916 enim
698 877 762 916 illo
795 879 879 917 loco
911 878 1080 916 refertur
1112 879 1201 927 quid
1234 879 1347 917 solita
1379 880 1430 917 sit
1460 879 1585 918 facere

191 946 351 995 Tarpeia
373 951 573 995 postquam
590 947 739 984 Tatium
758 959 841 985 cum
859 947 1002 985 Vestae
1022 959 1158 996 aquam
1175 953 1326 995 peteret
1341 952 1585 996 conspectum

191 1014 391 1058 adamarit,
425 1018 680 1062 narraturque
711 1020 749 1053 et
777 1015 876 1053 fictis
908 1015 1033 1053 causis
1066 1027 1178 1063 saepe
1211 1027 1256 1053 ex
1282 1028 1370 1054 arce
1396 1017 1521 1054 exisse
1547 1022 1585 1054 et

190 1084 446 1133 Nympharum
475 1086 637 1134 gratiam
664 1088 706 1121 ut
731 1083 837 1121 illum
868 1088 1066 1122 servarent
1092 1088 1264 1132 captasse
1295 1084 1514 1122 muneribus
1546 1089 1583 1123 et

190 1152 341 1199 vesperi
362 1152 514 1189 domum
535 1152 696 1189 redisse.
722 1152 828 1199 Quae
850 1163 961 1200 quam
985 1156 1066 1189 arte
1087 1153 1187 1189 inter
1209 1164 1248 1189 se
1270 1153 1497 1189 cohaereant
1518 1165 1582 1190 ne-

190 1221 328 1258 minem
354 1225 477 1268 potest
502 1220 634 1258 fallere
661 1221 732 1258 nisi
758 1220 822 1268 qui
847 1221 1010 1269 primum
1037 1220 1140 1258 illum
1171 1221 1355 1269 Tarpeiae
1381 1222 1525 1259 exitum
1547 1223 1582 1259 in

191 1300 265 1335 quo
285 1288 447 1335 primum
471 1289 623 1325 Tatium
643 1289 840 1334 conspexit
870 1299 954 1324 cum
981 1289 1261 1335 posterioribus
1289 1294 1327 1325 et
1348 1289 1583 1337 frequentio-

189 1356 297 1397 ribus
324 1357 552 1396 discessibus
579 1355 793 1396 confundat.
819 1356 951 1404 Neque
977 1356 1115 1395 attinet
1139 1357 1230 1405 quid
1256 1356 1319 1395 illa
1345 1361 1420 1396 tam
1449 1357 1514 1396 diu
1536 1357 1582 1396 ad

190 1425 314 1463 fontes
335 1425 472 1463 fecerit
494 1436 690 1472 quaerere.
723 1425 846 1463 Unum
870 1425 970 1461 enim
996 1425 1231 1472 appellatur:
1264 1425 1448 1473 Nymphis
1469 1426 1583 1464 flores

188 1494 379 1542 attulisse;
407 1493 569 1532 alterum
596 1494 666 1532 etsi
693 1504 764 1532 non
791 1492 1005 1542 appellatur
1032 1493 1152 1542 ipsum
1176 1497 1301 1532 tamen
1324 1505 1391 1543 per
1414 1505 1454 1533 se
1475 1494 1583 1534 intel-

187 1562 343 1610 ligitur:
377 1562 475 1599 Tatii
505 1563 687 1609 adspectu
723 1573 806 1599 esse
834 1562 1081 1609 delectatam,
1114 1574 1223 1609 quem
1253 1574 1337 1600 cum
1363 1563 1483 1610 primo
1507 1575 1579 1601 non

189 1642 235 1669 ex
255 1642 341 1669 arce
364 1630 430 1669 sed
453 1642 497 1669 ex
524 1630 626 1669 fonte
652 1630 822 1678 vidisset,
852 1636 894 1668 ut
919 1641 1054 1668 rursus
1082 1633 1228 1678 spectet
1254 1631 1414 1670 eundem
1440 1630 1578 1670 fontem

189 1700 337 1747 saepius
369 1700 522 1746 repetit.
555 1699 650 1736 Item
684 1699 784 1746 apud
817 1698 995 1737 Ovidium
1026 1698 1119 1735 Met.
1156 1698 1262 1735 VIII.
1296 1699 1345 1735 in.
1381 1699 1506 1746 Scylla
1536 1711 1580 1737 ex

188 1768 286 1805 turri
317 1768 478 1816 quadam
505 1766 672 1805 Minoem
707 1767 802 1805 solet
834 1766 1036 1814 admirari;
1069 1767 1160 1804 item
1192 1766 1290 1815 apud
1318 1766 1359 1805 C.
1385 1766 1579 1806 Valerium

188 1836 368 1889 Flaccum
399 1835 467 1883 VI,
493 1837 543 1872 57
552 1838 587 1873 5.
616 1835 754 1872 Medea
783 1836 900 1872 muris
930 1835 1101 1872 residens
1131 1835 1313 1882 paternis,
1348 1835 1437 1871 dum
1468 1836 1582 1873 datur

187 1904 302 1954 (602)
323 1903 460 1942 Iasona
481 1903 601 1941 oculis
621 1903 879 1952 prosequitur.
908 1900 989 1950 Quo
1017 1902 1170 1941 consilio
1197 1902 1227 1940 si
1254 1902 1318 1940 illa
1344 1902 1473 1941 abibat
1493 1897 1579 1942 cum

189 1977 226 2010 et
257 1983 345 2009 suos
377 1976 416 2009 et
446 1972 576 2008 hostes
608 1972 766 2009 deberet
795 1970 928 2008 fallere
961 1983 1007 2008 ne
1039 1971 1432 2018 animadverteretur,
1471 1972 1579 2009 rubis

188 2044 293 2078 secta.
313 2040 469 2078 brachia
490 2039 665 2078 retulisse
687 2039 839 2078 domum
860 2050 935 2077 non
956 2043 1058 2077 esset
1074 2039 1223 2087 mirum,
1241 2038 1389 2076 etiamsi
1407 2050 1479 2076 non
1496 2039 1580 2087 ipsa

187 2121 241 2147 vs.
272 2112 339 2147 43.
369 2109 515 2158 spinosi,
542 2107 671 2147 rorida
696 2112 807 2156 terga
832 2108 912 2156 iugi
937 2113 1176 2145 memoraret.
1210 2107 1393 2155 Querelae
1420 2119 1510 2145 vero
1538 2112 1580 2146 ut

186 2177 473 2217 effunderentur
503 2178 578 2215 alia
607 2180 761 2226 praeter
792 2188 959 2215 amorem
989 2187 1104 2214 causa
1134 2177 1196 2214 hic
1227 2187 1298 2214 non
1331 2176 1452 2224 magis
1484 2188 1577 2224 opus

186 2250 270 2284 erat
296 2257 407 2292 quam
434 2247 471 2283 in
504 2246 689 2283 similibus
716 2245 882 2293 querelis
904 2244 1050 2293 Scyllae
1078 2250 1143 2282 aut
1163 2244 1339 2291 Medeae,
1369 2249 1456 2282 ante
1484 2255 1576 2291 quas

186 2314 326 2352 nemini
348 2325 416 2351 nec
439 2314 543 2351 venit.
564 2315 601 2351 in
624 2317 786 2350 mentem
809 2324 878 2350 nec
901 2313 1039 2360 veniet,
1062 2313 1205 2361 opinor,
1225 2311 1318 2349 alios
1339 2323 1471 2350 versus
1493 2323 1576 2349 esse

182 2393 353 2420 omlssos.

271 2450 314 2488 In
346 2448 473 2488 eadem
508 2448 628 2498 elegia
659 2439 847 2487 Lucianus
879 2448 1088 2486 Muellerus
1119 2447 1261 2497 (Praef.
1295 2460 1378 2496 pag.
1407 2447 1575 2497 XLIII.),
