1862 2676
718 98 969 137 —101—*

141 212 425 259 Sedmittimus
445 222 629 261 quaerere
648 224 760 263 quam
781 217 868 262 apte
892 223 937 252 eo
962 213 1045 252 loco
1071 217 1279 263 ponantur;
1311 212 1406 252 nihil
1430 214 1530 252 enim

140 284 277 323 attinet
300 281 366 320 ubi
390 280 554 329 quidque
579 282 703 330 possit
727 274 818 330 poni
843 292 1042 330 quaerere,
1073 282 1146 320 nisi
1176 282 1282 330 prius
1313 293 1390 320 non
1416 292 1530 330 posse

139 351 233 389 ferri
253 361 298 388 eo
318 360 393 398 quo
415 352 474 386 est
498 349 663 396 positum
687 348 770 387 loco
798 348 1034 397 exploratum
1060 353 1130 387 est.
1173 349 1257 387 Hoc
1284 361 1399 388 unum
1424 351 1530 389 vide—

139 429 244 457 amus
266 416 355 468 quid
378 419 511 455 contra
532 427 613 454 eam
636 427 734 465 quae
755 415 896 454 tradita
916 420 974 454 est
999 417 1184 455 sermonis
1210 417 1529 456 continuationem

137 485 367 535 proferatur.
409 484 669 532 Reprehendit
688 488 828 532 autem,
854 484 887 522 si
911 483 1004 522 illud
1025 485 1098 522 vix
1122 485 1161 521 in
1182 497 1216 522 v.
1243 486 1309 523 66.
1333 485 1379 523 de
1399 486 1529 524 labore

138 554 185 592 ad
216 552 356 592 fontem
389 553 682 600 expugnandum
713 551 886 590 adhibito
917 552 1127 600 accipiatur
1163 564 1307 602 curque
1339 553 1528 592 Hercules

137 627 213 660 tam
238 632 408 659 severum
431 620 570 668 puellis
597 620 798 668 imperium
824 619 986 658 ediderit
1012 620 1191 669 explicari
1213 632 1298 659 cum
1319 621 1528 660 Hertzber-

137 691 199 738 gio
230 689 483 736 arbitremur,
515 688 677 736 primum
705 687 802 736 quod
828 688 1049 726 hexameter
1070 689 1238 736 quamvis
1260 693 1419 736 propter
1438 700 1528 726 ana-

64 763 67 766 ·
137 757 281 807 phorae
306 755 466 805 figuram
493 755 653 794 similem
679 755 906 794 sententiam
928 756 1124 794 continere
1145 756 1324 794 videatur
1343 763 1469 795 tamen
1491 757 1530 794 in

137 826 248 864 aliam
280 835 325 863 ac
355 827 592 872 pentameter
616 827 765 872 partem
793 824 941 870 tendat,
969 824 1105 862 deinde
1126 824 1225 872 quod
1245 824 1432 862 Hercules
1453 836 1526 862 non

136 897 292 943 terram,
315 891 381 931 sed
401 891 545 931 fontem
565 891 787 931 mulieribus
808 891 1003 941 eripuerit.
1042 892 1093 930 At
1116 892 1199 941 quis
1219 903 1293 930 non
1314 892 1431 941 videt,
1455 904 1530 941 qua

137 963 198 1000 cui
222 963 260 1000 in
282 965 387 1000 terra
406 972 505 1010 aqua
523 960 790 1009 interdicatur,
820 972 903 999 eam
924 964 1068 998 terram
1094 972 1168 999 non
1188 960 1348 1010 patere?
1379 971 1476 1009 quae
1496 961 1529 998 si

135 1030 340 1079 patuisset,
367 1029 462 1067 haec
489 1028 571 1077 ipsa
596 1039 716 1076 aquae
746 1028 918 1077 ignisque
948 1028 1165 1067 interdictio
1196 1028 1244 1067 ad
1275 1027 1428 1066 exilium
1461 1028 1525 1067 de-

136 1098 357 1137 clarandum
378 1109 451 1135 non
473 1100 575 1135 esset
594 1097 775 1135 adhibita.
799 1096 992 1145 Quemque
1015 1097 1181 1135 offendat
1201 1098 1428 1145 pentametri
1445 1109 1527 1135 sen-

135 1166 256 1205 tentia
280 1166 502 1204 hexametro
530 1160 738 1209 οἰσυνδέτως
764 1164 962 1213 opposita?
1002 1164 1105 1203 Haec
1134 1165 1233 1202 enim
1254 1169 1312 1203 est
1333 1165 1450 1213 ratio,
1478 1166 1525 1203 si-

137 1233 288 1282 quidem
314 1232 500 1270 Hercules
531 1225 660 1270 renire
693 1243 733 1269 se
764 1232 862 1269 hanc
889 1232 927 1269 in
953 1235 1112 1280 terram,
1145 1236 1186 1270 at
1211 1243 1293 1270 eam
1320 1231 1393 1270 sibi
1419 1233 1527 1280 quasi

135 1301 342 1350 hospitium
374 1311 553 1338 recusare
586 1298 764 1337 declarat.
802 1299 1000 1348 Exemplis
1026 1300 1089 1337 vix
1116 1311 1209 1348 opus
1236 1303 1295 1338 est
1318 1300 1426 1338 in·re
1451 1303 1535 1338 tam

136 1369 324 1417 frequenti
346 1371 384 1407 et
404 1368 618 1418 perspicua3
642 1368 673 1405 si
695 1368 780 1416 quis
800 1371 927 1405 tamen
942 1368 1126 1416 requirat,
1144 1366 1312 1405 conferat
1328 1367 1398 1415 IV,
1414 1369 1479 1406 65.
1495 1380 1523 1406 S.

398 1493 544 1530 Ennius
565 1493 714 1530 hirsuta
734 1493 859 1540 cingat
880 1503 949 1530 sua
970 1491 1072 1530 dicta
1092 1503 1248 1530 corona:

454 1560 511 1598 Mi
532 1560 623 1599 folia
644 1572 690 1598 ex
714 1560 853 1598 hedera
874 1560 1039 1609 porrige,
1062 1560 1226 1609 Bacche,
1250 1565 1326 1599 tua.

136 1688 187 1736 II,
212 1689 279 1735 65,
305 1690 341 1724 5.
395 1684 535 1724 Omnes
556 1686 740 1723 humanos
762 1689 871 1738 sanat
892 1685 1079 1724 medicina
1099 1679 1261 1723 dolores.

455 1754 563 1792 Solus
586 1766 692 1792 amor
713 1754 835 1791 morbi
855 1765 929 1791 non
951 1757 1053 1792 amat
1073 1753 1266 1791 artificem.

136 1870 167 1918 I,
193 1872 230 1917 2,
255 1871 322 1908 23.
342 1881 373 1907 s.
396 1868 479 1907 Non
501 1868 575 1906 illis
597 1868 763 1906 studium
783 1868 895 1917 vulgo
917 1869 1140 1917 conquirere
1163 1870 1345 1905 amantes:

455 1937 536 1975 Illis
558 1937 683 1985 ampla
705 1937 797 1975 satis
818 1936 939 1974 forma
959 1936 1149 1985 pudicitia.

135 2053 232 2092 Nam
264 2053 457 2103 anaphora
488 2064 609 2101 neque
640 2056 698 2091 est
727 2053 766 2091 in
796 2053 1015 2102 pronomine
1042 2052 1337 2091 demonstrativo
1360 2051 1416 2090 bis
1440 2054 1522 2100 qui-

134 2122 233 2170 dem,
257 2122 323 2160 sed
343 2134 417 2160 non
440 2122 495 2160 bis
517 2122 555 2158 in
576 2121 685 2159 initio
708 2121 845 2169 posito,
868 2132 936 2159 nec
958 2122 989 2158 si
1011 2125 1111 2158 esset
1132 2120 1177 2157 ab
1200 2120 1434 2168 oppositione
1455 2120 1522 2158 ab·

134 2190 324 2238 horreret,
353 2194 395 2228 ut
416 2201 462 2227 ex
483 2189 565 2238 ipso
587 2200 631 2227 eo
654 2189 751 2237 quod
773 2188 882 2227 modo
903 2192 1112 2226 extremum
1133 2188 1329 2226 attulimus
1349 2188 1522 2237 exemplo

135 2258 317 2296 cernitur.
336 2280 387 2286 —
405 2257 548 2304 Quodsi
570 2257 720 2294 illorum
744 2268 918 2294 versuum
943 2267 1028 2293 eum
1049 2256 1112 2304 qui
1135 2256 1299 2294 traditus
1321 2260 1380 2294 est
1399 2257 1521 2295 locum

135 2333 298 2374 tuemur,
320 2337 394 2363 non
415 2325 506 2362 item
529 2330 679 2362 tuemur
699 2335 849 2362 versum
873 2326 938 2361 42.

381 2442 572 2490 Accipit-e:
596 2442 688 2479 haec
709 2440 809 2479 fesso
831 2441 891 2478 vix
914 2441 1003 2478 mihi
1026 2445 1129 2479 terra
1152 2445 1269 2489 patet.
