1862 2676
738 73 960 111 ..77-

160 188 254 227 satis
287 186 417 226 mirari
443 199 518 226 non
547 197 713 236 possum,
745 198 813 226 cur
841 188 938 226 hanc
964 187 1121 236 elegiam
1148 186 1206 226 ad·
1220 187 1330 226 ludos
1355 186 1543 235 Apollinis

162 256 306 294 Actiaci
332 254 515 303 referant,
543 266 700 302 quorum
726 267 801 293 non
826 255 940 292 verbo
967 255 1106 293 mentio
1131 255 1333 292 iniiciatur.
1367 255 1542 293 Luettio-

159 322 300 361 hannes
321 313 460 368 nos-ad
480 322 773 370 Hertzbergium
804 320 973 370 (Quaest.
995 313 1109 369 Prop.
1132 333 1169 370 p.
1194 324 1261 360 28.
1284 327 1324 360 et
1345 323 1458 370 228),
1482 321 1544 360 hic

159 390 206 429 ad
230 391 379 430 Barthii
405 390 534 429 Vitam
560 390 753 440 Propertii
783 391 831 438 (p.
861 388 1087 438 LXXXVI.)
1113 390 1275 438 delegat,
1307 390 1368 429 ille
1398 394 1539 439 autem,

158 458 283 498 Huius
303 459 421 509 ipsius
441 458 500 497 rei
520 457 559 507 (i.
582 470 615 497 e.
638 457 875 500 devictorum
893 456 1349 507 sicambrorum),inquit‚
1371 458 1544 497 meminit

159 538 309 574 quoque
331 526 551 574 Propertius
571 525 713 564 celebri
733 525 799 563 illa
818 525 914 572 eleg.
940 527 976 562 6.
998 525 1087 563 libri
1110 527 1163 573 4.,
1187 537 1284 573 quae
1305 526 1399 564 adeo
1415 527 1543 564 novis-

159 593 291 632 simam
312 594 478 632 continet
498 593 678 641 temporis
699 596 826 630 notam
851 592 889 629 in
911 591 1104 639 Propertii
1125 592 1369 639 carminibus,
1391 597 1434 632 ut
1454 605 1544 642 pro-

159 660 284 699 babile
305 661 355 699 sit
376 661 471 698 hanc
494 660 651 709 elegiam
673 659 736 697 vel
757 660 827 697 hoc
848 659 930 707 ipso
962 671 1058 697 anno
1086 660 1142 697 vel
1165 660 1233 697 sub
1255 659 1368 697 finem
1389 672 1542 708 praece-

159 729 284 768 dentis
306 729 391 767 anni
421 740 547 767 mense
568 727 783 777 Septembri
814 727 994 776 scriptam
1020 738 1116 775 esse,
1149 738 1221 775 quo
1243 734 1411 777 tempore
1432 729 1543 767 nimi-

159 808 243 834 rum
278 797 376 835 Ludi
411 796 704 844 quinquennales
739 795 786 833 ab
825 797 995 842 Augusto
1032 796 1070 832 in
1107 796 1327 833 memoriam
1363 797 1544 834 Actiacae

158 865 339 903 victoriae
367 864 533 902 instituti
559 862 742 902 celebrati
771 862 878 900 fuere
905 873 980 901 sec.
1003 861 1114 901 Dion.
1140 862 1246 901 Cass.
1268 863 1293 902 l.
1316 862 1416 901 LIV.
1448 863 1544 902 Nam

158 933 282 981 potuit
306 932 534 980 Propertius
565 935 744 978 tanquam
774 937 880 968 vates
907 929 1020 968 etiam
1051 930 1096 968 de
1122 942 1164 968 re
1192 935 1294 969 certe
1325 935 1478 979 sperata
1508 936 1546 970 et

158 1000 330 1049 proxime
356 990 486 1037 futura
513 1009 672 1036 canere:
698 997 767 1036 Ille
793 997 993 1046 paludosos
1019 1002 1201 1036 memoret
1225 1002 1315 1037 cett.
1344 997 1449 1046 Quae
1480 1011 1543 1038 res

158 1068 207 1105 sit
228 1078 336 1105 nemo
355 1078 426 1104 non
455 1066 569 1104 videt.
603 1065 711 1112 Quod
741 1077 840 1103 unus
871 1065 917 1103 de
947 1070 1115 1113 tempore
1147 1067 1228 1104 eius
1253 1067 1430 1105 carminis
1452 1069 1545 1106 satis

158 1134 373 1174 diffident-er
399 1135 586 1182 opinatur,
619 1132 658 1171 id
680 1132 778 1171 alter
797 1143 866 1181 pro
888 1136 993 1170 certo
1016 1133 1144 1180 sumit,
1166 1133 1303 1172 tertius
1323 1145 1414 1173 vero
1436 1146 1481 1173 eo
1496 1136 1544 1174 ad

157 1203 280 1249 ipsum
302 1213 453 1240 carmen
474 1201 764 1248 oppugnandum
786 1205 824 1238 et
845 1200 1130 1247 discerpendum
1153 1201 1336 1239 abutitur.
1362 1203 1547 1241 Coniunc-

157 1270 244 1308 tivis
265 1272 391 1307 autem
412 1267 487 1306 illis
509 1270 548 1306 et
568 1266 696 1305 futuro
718 1266 941 1316 Propertius
961 1278 1036 1305 non
1063 1267 1173 1306 modo
1196 1266 1243 1306 ad
1263 1267 1386 1318 ludos,
1414 1270 1481 1309 sed
1501 1282 1548 1310 ne

159 1338 204 1376 ad
227 1337 440 1384 Apollinem
466 1336 617 1384 quidem
642 1335 928 1382 celebrandum,
953 1347 1084 1373 verum
1110 1337 1157 1373 ad
1185 1337 1346 1375 convivii
1371 1338 1546 1377 hilarita-

159 1409 236 1444 tem
258 1408 297 1443 et
322 1403 486 1453 Augusti
508 1402 686 1441 victorias
716 1402 923 1441 laudandas
944 1402 1190 1451 adhortatur;
1214 1415 1310 1453 quae
1330 1405 1546 1446 adhortatio

94 1518 101 1525 ,
159 1476 197 1512 in
218 1485 326 1512 omne
345 1474 491 1521 pariter
511 1477 661 1519 tempus
684 1472 944 1519 conveniebat,
970 1483 1044 1509 non
1071 1473 1110 1509 in
1134 1472 1174 1509 id
1199 1473 1449 1523 potissimum,
1471 1488 1545 1524 quo

158 1540 239 1579 ludi
264 1540 318 1578 illi
345 1539 582 1587 Apollinares
607 1538 810 1576 instabant.
839 1537 981 1576 Verum
1008 1542 1133 1576 tamen
1155 1539 1215 1577 vel
1239 1540 1288 1578 ad
1313 1540 1423 1580 ludos
1447 1542 1543 1592 illos,

161 1621 246 1647 cum
277 1608 474 1646 sollemnes
500 1611 539 1644 et
563 1607 653 1644 stati
679 1612 818 1653 essent,
853 1606 953 1643 omni
982 1611 1150 1654 tempore
1175 1612 1330 1655 poterat
1361 1610 1549 1650 celebran-

161 1676 228 1714 dos
247 1675 417 1721 hortari3
438 1673 511 1711 nisi
532 1673 630 1712 forte
652 1672 829 1711 Ovidium
850 1676 995 1711 statuas
1011 1673 1113 1711 Fast.
1136 1674 1183 1722 V,
1210 1676 1304 1714 597.

392 1790 599 1829 Sollemnes
620 1789 730 1827 ludos
753 1787 865 1827 Circo
887 1778 1089 1838 celebrate,
1112 1788 1301 1837 Quirites!

161 1909 208 1948 de
229 1907 355 1946 Marte
375 1905 509 1945 Ultore
531 1909 619 1944 ante
639 1906 742 1953 ipsos
763 1906 844 1944 eius
868 1905 976 1945 ludos
1000 1907 1212 1956 scripsisse,
1243 1912 1311 1947 aut
1331 1909 1379 1947 ad
1398 1909 1545 1949 Matro-

161 1976 259 2015 nalia
279 1976 353 2014 rite
375 1974 520 2023 agenda
539 1974 610 2023 ΙΙΙ,
634 1975 730 2012 253.

333 2095 447 2134 Ferte
469 2094 561 2132 deae
576 2093 709 2132 flores:
732 2094 871 2141 gaudet
885 2092 1107 2132 florentibus
1128 2095 1257 2134 herbis

392 2163 497 2202 Haec
519 2163 613 2201 dea:
637 2162 683 2201 de
703 2166 834 2201 tenero
851 2163 990 2211 cingite
1006 2161 1099 2201 flore
1121 2168 1246 2212 caput.
1263 2187 1316 2193 -—

162 2288 247 2324 ante
270 2283 456 2323 Calendas
477 2283 639 2321 Martias
659 2283 914 2321 adhortatum.
943 2283 1019 2322 Sed
1040 2284 1142 2322 satis·
1159 2284 1205 2323 de
1226 2284 1337 2324 ludis.
1366 2285 1466 2334 Quid
1486 2298 1544 2324 se-

162 2356 300 2402 quatur
329 2351 551 2399 Propertius
577 2355 708 2399 aperte
738 2350 939 2400 profitetur
969 2363 1042 2390 vss.
1076 2354 1140 2390 11.
1172 2357 1211 2391 et
1243 2354 1309 2392 67.
1338 2354 1471 2403 quibus
1502 2366 1543 2393 se

161 2421 252 2460 dicit
284 2431 434 2459 causam
464 2419 568 2458 aedis
595 2419 778 2469 Apollinis
804 2419 967 2458 Palatini
994 2420 1196 2469 explicare.
1229 2422 1361 2471 Neque
1387 2425 1445 2461 est
1475 2434 1546 2462 cur
