1862 2676
928 76 1158 114 -48—

343 189 427 238 ipso
443 183 582 238 genere
597 200 687 228 suae
703 190 959 240 divinationis,
982 202 1078 241 quae
1101 191 1229 231 nonin
1245 191 1412 232 oraculis
1426 194 1468 231 et
1481 191 1735 241 haruspicina,
1755 193 1757 195 ’

346 257 413 295 sed
454 258 492 295 in
524 258 693 296 siderum
725 258 993 298 observatione
1024 260 1075 297 sit
1091 260 1240 308 posita.
1279 259 1342 299 Sic
1373 259 1474 298 enim
1504 259 1733 308 accipimus:

343 325 518 374 Dicam,
551 325 705 375 Troia,
737 326 868 366 cades
899 331 1003 376 cett,
1036 338 1083 366 ex
1109 321 1572 377 quibus‘Luettiohannes
1601 339 1735 367 novam

344 395 461 431 sumit
476 395 676 443 rationem,
700 406 785 433 cum
807 400 923 443 negat
942 395 1011 433 hos
1033 407 1162 434 omnes
1183 407 1316 434 versus
1335 397 1448 434 huius
1471 407 1555 434 esse
1577 396 1733 445 elegiae,

343 461 431 510 quia.
462 473 507 500 ea
536 474 610 500 non
641 462 778 502 Troiae
808 463 885 502 fata
917 468 1180 512 exponantur,
1209 463 1381 513 aliusque
1412 464 1589 503 carminis
1619 463 1734 503 fuisse

342 535 470 578 putat,
505 531 603 577 quod
647 532 693 569 de
735 532 840 569 clade
869 532 1003 570 Troiae
1046 538 1147 570 esset
1182 533 1450 580 conscriptum.
1495 530 1734 570 Cassandrae

342 602 470 647 certe,
504 602 546 637 ut
576 598 640 637 ille
672 599 769 645 vult,
813 599 913 638 hunc
946 612 1099 639 versum
1134 612 1216 640 esse
1247 612 1321 639 non
1354 613 1466 650 posse
1496 605 1658 650 apparet
1688 612 1735 640 ex

342 667 502 714 dicam,
522 668 621 715 quod
645 678 767 716 neque
788 668 826 705 in
848 669 929 705 eius
950 680 1072 716 neque
1093 669 1130 706 in
1153 669 1249 706 alius
1273 680 1338 706 ore
1357 670 1456 707 vatis
1476 670 1597 706 locum
1619 669 1734 707 habet

342 734 404 782 qui
427 735 510 782 ipse
531 734 688 783 loquens
714 735 930 774 inducatur.
955 737 1006 774 At
1038 736 1129 774 nihil
1162 740 1221 774 est
1251 736 1403 774 omnino
1435 748 1505 775 cur
1525 736 1571 774 ab
1593 736 1734 775 usitata

341 813 454 849 quam
475 802 588 840 modo
609 803 879 850 proposuimus
911 804 1160 851 explicatione
1188 804 1439 841 discedamus.
1474 804 1572 841 Nam
1593 807 1634 841 ut
1658 804 1732 841 hic:

340 868 474 906 Troia
507 870 639 907 cades
671 873 760 908 cett.
793 882 862 918 pro
885 871 1054 919 exemplo
1087 871 1282 909 dicuntur:
1316 874 1359 908 ut
1389 869 1625 918 significetur
1655 873 1732 908 tam

340 948 432 974 vera
463 937 696 986 vaticinatio,
730 949 841 986 quam
871 938 951 976 eius
982 950 1075 977 vera
1106 937 1179 977 suit
1208 939 1272 987 qui
1303 938 1455 976 Troiam
1494 938 1658 976 deletum
1683 938 1733 976 iri

340 1004 545 1052 praedixit,
569 1005 624 1043 ita
644 1005 735 1043 alibi
758 1017 907 1054 quoque
930 1010 969 1044 et
1000 1017 1112 1054 saepe
1138 1017 1208 1054 pro
1240 1017 1285 1044 eo
1309 1017 1468 1055 quocum
1492 1009 1735 1055 comparatur

339 1083 403 1110 res
425 1084 521 1121 quae
543 1077 788 1121 comparatur
810 1075 892 1122 ipse
914 1074 1067 1112 dicitur.
1086 1075 1214 1122 Atque
1235 1075 1409 1123 inprimis
1425 1074 1547 1112 simile
1567 1074 1605 1112 id
1627 1074 1733 1113 vide-

337 1144 414 1188 tur,
438 1142 540 1190 quod
562 1142 656 1180 dicit
678 1143 869 1180 Ausonius
891 1143 930 1180 in
952 1143 1221 1191 epigrammate
1242 1143 1326 1181 XX.
1350 1143 1388 1180 in
1410 1142 1591 1181 Meroen:

572 1256 645 1304 Qui
665 1259 825 1306 primus,
847 1258 997 1306 Meroe,
1020 1269 1153 1296 nomen
1176 1258 1243 1296 tibi
1265 1257 1448 1305 condidit,
1471 1257 1533 1296 ille

629 1326 814 1365 Thesidae
836 1337 971 1365 nomen
994 1327 1163 1365 condidit
1185 1326 1407 1375 Hippolyto.

336 1440 433 1478 Nam
456 1441 521 1490 qui
543 1440 696 1480 Meroae
728 1454 864 1481 nomen
896 1442 1058 1490 dederit,
1091 1443 1125 1480 is
1157 1454 1233 1480 non
1264 1443 1386 1491 minus
1407 1447 1537 1491 aptum
1559 1442 1731 1491 quodque

336 1515 496 1548 ventura
517 1510 595 1549 fata
617 1511 849 1559 exprimeret
869 1522 1004 1548 nomen
1027 1510 1178 1548 dedisse
1201 1511 1355 1558 dicitur,
1380 1521 1488 1558 quam
1512 1511 1576 1558 qui
1592 1510 1731 1548 Thesei

335 1575 455 1616 filium
475 1578 724 1628 Hippolytum
748 1579 962 1617 nominarit.
995 1577 1067 1617 Sed
1096 1590 1143 1616 ne
1164 1578 1260 1616 illud
1288 1578 1436 1626 quidem
1459 1577 1638 1616 dissimile
1658 1581 1729 1627 est,

337 1646 438 1694 quod
459 1647 505 1684 ab
527 1636 838 1695 ipso‘Propertio
859 1647 910 1693 II,
939 1649 973 1694 l,
999 1647 1065 1684 65.
1090 1658 1120 1684 S.
1144 1646 1306 1684 dicitur:
1505 1634 1507 1636 ¹

707 1763 789 1801 Hoc
810 1763 842 1801 si
864 1763 948 1812 quis
970 1763 1100 1801 vitium
1121 1762 1264 1811 poterit
1284 1762 1378 1800 mihi
1399 1761 1564 1810 demere,
1587 1761 1691 1800 solus

762 1831 942 1869 Tantalea
962 1831 1104 1879 poterit
1123 1830 1276 1868 tradere
1297 1840 1409 1878 poma
1428 1840 1553 1867 manu.
1570 1850 1621 1857 --

333 1918 394 1956 vel
420 1919 451 1967 I,
479 1921 544 1967 14,
562 1921 626 1956 11.
652 1930 681 1957 s.
711 1919 807 1956 Tum
828 1919 919 1956 mihi
940 1918 1088 1956 Pactoli
1110 1919 1267 1955 veniunt
1286 1917 1355 1955 sub
1377 1920 1480 1955 tecta
1498 1917 1665 1966 liquores

762 1986 814 2024 Et
833 1986 975 2035 legitur
995 1986 1127 2024 rubris
1147 1996 1296 2034 gemma
1316 1985 1386 2023 sub
1407 1985 1650 2033 aequoribus.

335 2103 413 2142 Cur
432 2107 560 2143 autem
581 2104 676 2142 haec
702 2104 937 2152 potissimum
970 2103 1192 2152 vaticinatio
1219 2102 1380 2152 exempli
1405 2114 1520 2141 causa
1540 2113 1727 2141 memore-

332 2175 408 2219 tur,
430 2183 540 2210 nemo
561 2173 763 2210 mirabitur
790 2172 855 2219 qui
882 2172 1097 2209 meminerit
1122 2174 1265 2219 quanto
1287 2170 1482 2219 Propertii
1504 2174 1629 2209 aetate
1651 2182 1729 2221 ser-

332 2250 444 2277 mone
466 2241 629 2278 omnium
652 2251 749 2288 quae
770 2241 818 2278 ad
839 2245 992 2288 gentem
1013 2239 1148 2277 Iuliam
1172 2242 1211 2276 et
1226 2238 1391 2277 Aeneam
1418 2238 1629 2286 Troiaeque
1650 2237 1729 2276 fata

331 2308 540 2346 attinerent
560 2308 752 2346 celebrata
774 2308 862 2346 sint.
897 2307 1007 2354 Quod
1036 2310 1268 2354 postremum
1289 2306 1592 2345 Luettiohannes
1614 2317 1727 2353 argu-

330 2379 499 2414 mentum
522 2375 682 2424 profert,
705 2388 778 2414 vss.
804 2377 871 2414 89.
895 2387 944 2413 ss,
980 2374 1122 2423 optime
1148 2386 1234 2413 cum
1258 2375 1324 2414 79.
1350 2375 1417 2413 80.
1442 2374 1665 2422 cohaerere,
1687 2373 1727 2412 id

329 2445 421 2483 nihil
445 2445 493 2483 ad
514 2455 619 2491 rem;
645 2445 677 2481 si
700 2444 799 2482 enim
821 2445 852 2482 is
875 2444 939 2492 qui
962 2443 1126 2481 traditus
1158 2448 1216 2482 est
1237 2443 1331 2481 ordo
1355 2444 1447 2482 satis
1467 2447 1529 2481 est
1548 2440 1726 2480 defensus
