1862 2676
236 195 364 233 autem
384 196 464 233 tum
486 193 658 244 apertius
684 196 765 233 tum
790 193 932 234 tectius
958 204 1005 234 ea
1035 204 1135 244 quae
1159 197 1372 252 sequuntur
1396 194 1565 239 carmina
1583 198 1639 235 at-

233 262 397 312 tingunt.
434 262 603 312 Quorum
636 262 805 302 omnium
825 262 920 304 nihil
941 265 1002 303 est
1021 263 1061 303 in
1082 274 1128 303 ea
1148 263 1196 304 de
1217 275 1293 313 qua
1312 263 1476 316 dicimus
1501 264 1636 315 elegia.

236 331 336 370 Nam
359 331 459 381 quod
481 331 697 382 appellatur
716 331 928 381 Augustus,
955 332 994 371 id
1007 322 1092 372 ¹tam
1112 332 1188 371 late
1208 336 1316 382 patet
1335 335 1488 382 tamque
1507 333 1639 372 multis

234 402 293 439 est
312 399 352 445 in
373 400 610 449 carminibus
631 399 730 439 alius
752 400 827 440 loci
850 402 894 439 ut
909 400 1003 439 nihil
1019 400 1107 440 inde
1124 401 1247 450 possit
1267 400 1424 451 coniici3
1447 401 1549 451 quod
1570 412 1636 441 au-

234 471 312 507 tem
353 480 507 508 carmen
547 468 710 508 forsitan
751 469 926 518 proxime
967 470 1015 508 ab
1056 481 1103 509 eo
1143 470 1279 509 abesse
1320 470 1515 521 videatur,
1551 471 1637 509 dico
1659 497 1661 499 -

235 535 371 576 Horat.
405 537 457 588 II,
494 538 543 586 1.,
577 537 617 576 id
647 537 680 576 si
706 549 839 576 verum
871 538 1092 587 quaerimus
1120 537 1363 576 nihilominus
1393 538 1639 578 vehementer

235 604 374 643 differt.
401 605 490 644 Etsi
515 605 613 644 enim
641 609 845 655 utrumque
875 606 914 644 in
940 607 1040 644 serio
1065 606 1249 655 gravique
1281 610 1503 654 argumento
1526 606 1638 645 dissi-

235 672 390 723 milique
410 674 731 723 consequentibus
748 674 982 713 carminibus
998 677 1187 725 versatur,
1205 674 1394 714 Horatius
1410 679 1537 714 tamen
1553 687 1637 714 cum

237 745 413 781 extrema
434 743 595 792 stropha
615 743 662 782 ab
685 755 730 782 ea
750 743 940 792 gravitate
958 744 1040 792 ipse
1063 755 1103 782 se
1124 746 1280 782 revocat
1294 744 1527 793 reliquorum
1552 755 1636 783 car-

236 811 377 849 minum
400 811 592 850 diversum
621 823 742 861 genus
772 810 972 861 significat,
1004 811 1230 860 Propertius
1255 811 1370 861 plura
1398 816 1437 850 et
1461 812 1641 861 graviora

236 879 432 928 pollicitus
453 891 648 928 paucaque
681 880 762 919 eius
788 880 941 928 generis
972 880 1011 917 in
1037 880 1252 928 praesentia
1280 891 1482 929 aggressus
1503 879 1638 918 horum

238 947 409 996 ipsorum
432 947 526 986 satis
547 947 665 986 habet
685 947 879 986 levitatem
907 959 1119 996 excusasse,
1147 951 1191 985 ut
1216 948 1337 986 omnis
1357 948 1439 986 eius
1461 948 1640 997 cogitatio

238 1015 310 1054 hoc
331 1016 499 1054 carmine
522 1015 774 1065 contineatur,
793 1016 953 1054 aliorum
972 1016 1110 1054 diversi
1127 1016 1280 1065 generis
1302 1020 1519 1064 poematum
1540 1016 1642 1054 nulla

239 1095 397 1132 usquam
438 1087 621 1122 cernatur
652 1084 878 1134 designatio.
917 1083 1026 1132 Quod
1047 1085 1078 1122 si
1114 1084 1161 1123 ab
1193 1085 1336 1123 usitata
1367 1085 1642 1123 consuetudine

239 1164 371 1192 eorum
393 1152 532 1202 quibus
554 1153 642 1192 novi
663 1153 752 1191 libri
774 1152 1000 1191 inchoantur
1020 1153 1226 1192 carminum
1245 1156 1387 1192 tantum
1406 1153 1533 1192 differt
1548 1153 1641 1193 haec

241 1222 382 1270 elegia,
412 1233 487 1270 quo
514 1222 598 1260 iure
624 1225 758 1260 contra
784 1222 902 1260 libros
928 1222 1209 1271 manuscriptos
1236 1224 1442 1270 contraque
1467 1225 1642 1261 veterum

241 1290 428 1329 editorum
450 1290 702 1328 auctoritates
719 1301 855 1328 novum
877 1290 924 1328 ab
947 1301 992 1328 eo
1017 1290 1154 1328 librum
1176 1290 1410 1338 inchoemus,
1430 1302 1513 1328 cum
1531 1301 1641 1339 prae-

241 1358 371 1396 sertim
394 1357 443 1396 ad
464 1369 529 1396 eas
551 1359 796 1396 auctoritates
818 1359 984 1406 ipsorum
1006 1360 1177 1396 veterum
1204 1359 1433 1406 scriptorum
1460 1358 1643 1397 accedant

240 1426 475 1475 testimonia,
488 1426 626 1474 quibus
637 1429 803 1474 quatuor
820 1437 894 1464 non
911 1426 1077 1474 quinque
1089 1424 1206 1464 fuisse
1216 1426 1335 1464 libros
1346 1426 1539 1475 Propertii
1551 1437 1642 1464 con-

240 1493 440 1532 firmatur?
461 1494 585 1533 Unum
609 1494 709 1542 quod
728 1493 1005 1542 Hertzbergius
1026 1497 1213 1532 memorat
1227 1493 1643 1543 (Qu.Pr0p.pag.215)

241 1562 365 1611 ipsius
375 1561 569 1611 Propertii
586 1564 656 1611 est,
675 1561 739 1610 qui
751 1561 800 1609 ΙΙ,
817 1563 883 1611 24,
897 1562 947 1599 in.
962 1561 1019 1600 Tu
1034 1561 1218 1611 loqueris,
1240 1562 1374 1611 inquit,
1388 1573 1473 1600 cum
1490 1562 1543 1600 sis
1553 1566 1642 1601 noto

242 1631 319 1669 iam
340 1629 469 1669 fabula
489 1631 600 1670 libro.
613 1631 666 1669 Et
687 1636 754 1669 tua
774 1631 824 1669 sit
845 1635 926 1669 toto
941 1630 1106 1679 Cynthia
1126 1631 1225 1670 lecta
1246 1630 1349 1679 foro3
1372 1632 1480 1670 cuius
1496 1632 1527 1670 si
1548 1643 1643 1680 pon-

245 1699 316 1739 dus
327 1699 593 1739 Lachmannus
615 1711 660 1739 eo
684 1699 837 1739 elevare
858 1699 1001 1749 studet,
1013 1703 1056 1738 ut
1076 1699 1235 1738 alterum
1249 1699 1483 1748 tertiumque
1504 1699 1642 1739 librum

245 1769 356 1808 simul
382 1770 506 1808 editos
532 1769 648 1817 dicat,
676 1769 714 1807 id
738 1781 808 1818 pro
835 1773 1060 1818 argumento
1085 1768 1195 1808 affert
1221 1769 1322 1818 quod
1348 1769 1473 1817 ipsum
1500 1769 1646 1817 indiget

244 1838 597 1886 argumentationis.
642 1837 836 1886 Alterum,
870 1837 970 1886 quod
1002 1837 1148 1886 primus
1179 1837 1467 1875 Heimreichius
1504 1848 1643 1875 memo-

245 1906 345 1945 ravit
363 1905 535 1955 (Quaest.
558 1906 672 1956 Prop.
696 1917 782 1955 pag.
810 1906 893 1956 32.)
919 1910 958 1944 et
983 1910 1069 1955 post
1088 1906 1196 1945 illum
1217 1905 1412 1944 Lucianus
1432 1905 1644 1945 Muellerus

245 1974 390 2024 (Praef.
433 1975 493 2014 ad.
537 1975 732 2023 Propertii
774 1975 979 2013 editionem
1019 1975 1105 2014 XII.
1149 1975 1212 2023 s.),
1253 1978 1311 2012 est
1351 1974 1476 2023 Nonii,
1512 1975 1577 2023 qui
1607 1974 1645 2012 in

246 2055 332 2093 pag.
361 2046 454 2084 169.
473 2057 503 2084 s.
527 2057 563 2084 v.
587 2043 839 2083 secundare
865 2043 967 2083 hunc
1000 2054 1171 2083 versum:
1201 2042 1287 2082 Jam
1309 2042 1492 2093 liquidum
1520 2043 1645 2082 nautis

246 2124 339 2151 aura
364 2113 548 2152 secundat
574 2114 649 2152 iter
676 2134 728 2141 —
756 2118 891 2161 aperte
917 2113 1017 2151 libro
1044 2112 1179 2160 tertio,
1205 2123 1278 2150 non
1312 2115 1448 2160 quarto
1474 2111 1642 2151 ascribit.

247 2180 365 2229 Quem
397 2194 593 2221 numerum
626 2182 698 2221 etsi
724 2181 768 2220 L.
792 2181 1004 2223 Muellerus
1035 2181 1148 2220 docet
1172 2178 1283 2219 facile
1308 2180 1484 2229 potuisse»
1503 2192 1577 2220 una
1599 2192 1646 2220 ex

248 2253 416 2297 quatuor
436 2251 514 2289 iota
535 2251 677 2289 omissa
698 2250 878 2298 existere,
902 2261 975 2288 non
997 2253 1121 2287 tamen
1143 2252 1221 2287 tam
1252 2249 1344 2287 nihil
1372 2249 1545 2288 codicum
1577 2260 1644 2287 au-

247 2319 345 2358 ctori
351 2319 420 2367 tati
433 2319 677 2358 tribuendum
689 2321 795 2367 puto,
807 2321 851 2356 ut
868 2318 925 2356 vel
942 2316 1268 2357 consentientibus
1279 2328 1409 2356 eorum
1421 2316 1646 2357 testimoniis

248 2399 516 2438 repugnemus.
545 2387 617 2427 His
643 2387 759 2435 igitur
780 2386 995 2425 rationibus
1022 2386 1174 2426 adducti
1202 2390 1241 2426 et
1261 2386 1434 2425 ultimum
1455 2386 1649 2435 Propertii
