1862 2676
248 177 383 228 elegie.
411 177 519 217 Door
542 176 581 217 J
604 175 648 217 G.
671 176 718 218 G.
747 177 858 217 Boot.
893 176 1152 228 Amsterdam,
1179 189 1253 235 van
1280 160 1357 220 der
1363 128 1492 222 Post-j
1495 176 1637 258 1863,-

245 251 440 286 extremae
461 247 608 306 elegiae
639 247 812 287 ordinem
845 248 1024 297 mutavit3
1057 259 1156 287 anno
1188 247 1422 297 sexagesimo
1453 248 1593 298 quinto
1607 251 1647 293 et

244 314 345 354 idem
369 314 528 353 Bootius
560 315 697 364 edidit,
730 327 829 364 quae
861 314 909 353 de
941 315 1076 353 eadem
1106 315 1229 364 elegia
1264 317 1411 366 scripta
1435 314 1648 366 reliquerat

247 383 747 431 Hofmann-Peerlkampius
774 383 826 432 (S.
844 383 993 422 Aurelii
1008 383 1205 433 Propertii
1229 385 1319 424 libri
1339 384 1409 424 IV.
1431 384 1555 434 elegia
1574 383 1644 423 XI.

246 451 455 489 Recensuit
476 455 516 489 et
537 451 747 489 illustravit
768 450 812 489 P.
835 451 1029 490 Hofmann
1050 451 1292 502 Peerlkamp.
1320 452 1457 491 Edidit
1476 456 1515 491 et
1534 463 1645 501 prae-

245 519 349 558 fatus
371 525 431 559 est
451 520 488 559 J.
514 519 557 558 O.
581 520 626 559 G.
651 520 764 558 Boot.
787 520 1192 570 Amstelodami‚apud
1215 521 1258 560 C.
1283 520 1329 561 G.
1355 533 1426 561 van
1449 521 1518 560 der
1537 521 1645 571 Post,

249 588 388 637 1865),
411 591 450 626 et
470 588 786 637 Eschenburgius
807 588 856 627 de
876 589 999 638 prima
1020 588 1141 638 elegia
1162 589 1316 638 scripsit
1335 588 1647 640 (Observationes

246 657 404 695 criticae
425 657 464 694 in
485 656 743 706 Propertium.
767 657 922 695 Bonnae
947 658 1102 706 1865.);
1125 669 1223 696 anno
1246 659 1406 707 septimo
1428 663 1467 697 et
1488 669 1646 706 sexage-

245 725 339 764 simo
371 736 505 764 rursus
537 725 819 764 Heimreichius
841 714 987 775 (Norae
1024 725 1274 774 Quaestiones
1305 726 1577 775 Proper-tianae
1607 726 1647 764 in

246 793 430 832 fasciculo
462 795 675 842 posteriore
696 794 956 843 Symbolarum
987 795 1266 843 philologorum
1286 795 1555 834 Bonnensium.
1582 795 1647 834 Li-

245 861 352 910 psiae
377 864 501 912 1867,
523 873 608 912 pag.
634 863 730 901 667.
759 863 840 911 11.)
862 873 947 901 cum
970 863 1139 911 singulos
1160 863 1361 902 nonnullos
1382 857 1488 902 locos
1507 866 1647 902 tracta-

245 930 303 968 vit
326 933 408 968 tum
439 934 564 969 totum
589 931 729 969 librum
771 943 793 969 a
825 931 1027 980 Propertio
1064 931 1306 970 abiudicavit.
1344 932 1519 981 Denique
1550 943 1647 970 anno

247 999 631 1048 undeseptuagesimo
658 999 962 1038 Luettiohannes
992 1000 1029 1037 in
1064 999 1456 1039 Commentationibus
1487 1000 1647 1049 Proper-

246 1067 360 1104 tianis
381 1066 536 1116 (Kiliae)
557 1070 714 1115 praeter
734 1067 812 1105 alia
833 1067 952 1104 multa
981 1068 1054 1105 hoc
1077 1068 1192 1105 etiam
1220 1069 1266 1105 de
1292 1068 1390 1106 libro
1414 1069 1508 1105 satis
1529 1057 1648 1106 multa

245 1134 423 1183 scripsit,
462 1138 502 1173 et
534 1134 732 1174 Caruttius
775 1136 813 1173 in
849 1134 1088 1185 praefatione
1136 1136 1315 1174 editionis
1346 1139 1468 1175 totum
1507 1136 1647 1175 librum

245 1207 400 1251 praeter
421 1204 596 1242 ultimam
618 1204 778 1252 elegiam
792 1216 866 1242 non
885 1216 970 1242 esse
988 1204 1181 1253 Propertii
1203 1205 1464 1243 demonstrare
1485 1209 1646 1243 conatus

247 1276 307 1311 est
327 1272 425 1322 (SeX.
450 1273 596 1311 Aurelii
618 1272 813 1322 Propertii
848 1273 1015 1322 Cynthia
1043 1285 1125 1312 cum
1155 1273 1251 1312 libro
1279 1277 1414 1321 quarto
1440 1273 1645 1323 elegiarum

248 1341 312 1389 qui
333 1341 526 1389 Propertii
557 1342 708 1379 nomine
734 1341 870 1379 fertur.
903 1341 1035 1379 Editio
1068 1353 1203 1380 novum
1232 1342 1269 1379 in
1304 1342 1474 1379 ordinem
1496 1342 1647 1389 digesta

247 1413 474 1447 recensente
496 1410 698 1448 Dominico
722 1408 888 1447 Carutti.
911 1409 1044 1458 Hagae
1068 1408 1259 1447 Comitum
1290 1410 1426 1459 1869).
1455 1409 1648 1448 Nonnulla

246 1478 486 1525 transposuit
508 1479 624 1516 etiam
647 1477 840 1515 Lucianus
867 1478 1078 1516 Muellerus
1108 1477 1267 1526 (Catulli
1289 1477 1429 1516 Tibulli
1451 1478 1648 1529 Propertii

247 1548 437 1588 Carmina.
461 1548 552 1587 Rec.
577 1551 615 1585 et
636 1545 833 1596 praefatus
855 1551 914 1585 est
934 1546 1127 1585 Lucianus
1146 1545 1322 1584 Mueller.
1339 1545 1490 1596 Lipsiae
1509 1546 1646 1596 1870),

247 1619 311 1667 qui
333 1607 485 1666 quidem
508 1616 742 1655 Lachmanni
765 1616 863 1654 viam
896 1627 969 1654 non
997 1616 1165 1664 reliquit,
1194 1619 1407 1654 ceterorum
1437 1619 1565 1654 tamen
1587 1615 1648 1653 de-

246 1686 354 1724 licias
374 1697 496 1734 paene
529 1696 661 1723 omnes
689 1696 710 1721 a
737 1695 806 1722 sua
833 1684 1000 1722 editione
1028 1683 1226 1722 abstinuit.
1255 1683 1436 1722 Eiusdem
1463 1682 1647 1722 beneficio

247 1767 323 1793 non
346 1765 502 1792 necesse
524 1754 709 1792 habemus
738 1756 873 1791 contra
900 1753 1079 1791 Bootium
1112 1755 1152 1790 et
1175 1752 1481 1801 Peerlkampium
1508 1752 1646 1801 dicere,

248 1833 344 1871 quos
366 1822 432 1861 ille
454 1822 496 1872 (J
497 1821 716 1860 ahrbiicher
727 1820 789 1859 fiir
799 1820 1013 1869 Philologie
1026 1820 1102 1859 und
1109 1819 1344 1869 Padagogik,
1360 1821 1426 1869 95,
1438 1831 1474 1868 p.
1489 1822 1539 1858 41
1549 1822 1586 1858 3.
1596 1831 1645 1858 ss.

251 1894 291 1929 et
322 1892 405 1928 777
444 1891 509 1941 ss.)
547 1894 625 1928 tam
662 1895 841 1928 accurate
868 1893 907 1927 et
943 1889 1139 1927 subtiliter
1175 1887 1379 1933 refutavit,
1413 1892 1456 1926 ut
1491 1889 1523 1926 si
1563 1900 1647 1926 ver—

248 1958 338 1997 bum
360 1958 586 1997 adderemus
608 1960 694 1997 acta
705 1969 819 2007 agere
835 1957 1067 1996 videremur.
1083 1956 1139 1995 Ac
1157 1956 1332 1995 similiter
1343 1968 1389 1995 ea
1409 1958 1647 2004 argumenta,

249 2027 389 2075 quibus
415 2027 700 2066 Heimreichius
732 2027 907 2065 ultimum
943 2027 1084 2065 librum
1115 2037 1138 2064 a
1172 2025 1371 2074 Propertio
1403 2029 1560 2074 conatus
1590 2027 1649 2063 est

248 2094 480 2144 abiudicare,
512 2096 606 2134 satis
632 2095 779 2133 elevata
804 2098 895 2133 sunt
925 2106 948 2132 a
973 2093 1279 2142 Luettiohanne3
1307 2094 1433 2131 miuus
1454 2095 1647 2141 accurate,

249 2175 347 2212 quae
370 2176 392 2202 a
415 2164 587 2202 Caruttio
610 2164 761 2213 prolata
778 2168 879 2213 sunt,
904 2164 950 2202 de
973 2163 1111 2212 quibus
1133 2162 1196 2201 ille
1218 2163 1318 2201 omni
1339 2163 1413 2201 iam
1429 2161 1529 2200 libro
1546 2160 1649 2210 typis

249 2243 428 2281 expresso
454 2244 577 2282 pauca
608 2236 780 2271 extremo
811 2232 895 2271 loco
927 2231 1117 2281 apposuit.
1150 2230 1284 2279 Itaque
1315 2242 1385 2269 nos
1415 2230 1463 2269 de
1489 2231 1649 2268 auctore

251 2301 379 2349 quarti
400 2301 489 2339 libri
512 2313 597 2340 cum
610 2300 800 2349 Caruttio,
822 2301 868 2339 de
889 2300 1186 2349 transponendis
1203 2300 1262 2338 vel
1285 2298 1465 2339 tollendis
1475 2297 1649 2338 versibus

250 2380 336 2407 cum
367 2369 508 2408 ceteris
538 2372 692 2419 praeter
720 2369 898 2407 Bootium
930 2372 969 2407 et
999 2368 1537 2417 Hofmann-Peerlkampium
1567 2377 1647 2404 rem

250 2436 487 2484 habebimus3
520 2438 553 2475 si
584 2438 705 2485 prius,
737 2437 914 2485 quoniam
956 2441 1160 2484 quartum
1196 2437 1335 2475 librum
1366 2436 1544 2484 diximus,
1576 2434 1648 2473 hoc
