1862 2676
743 93 974 129 -95—

198 207 238 254 9,
262 206 330 243 53.
353 216 383 243 s.
446 207 498 245 At
520 211 572 253 te,
594 207 658 253 qui
678 217 837 254 puerum
858 206 968 244 donis
987 217 1235 254 corrumpere
1256 216 1298 244 es
1318 215 1451 253 ausus,

505 271 649 312 'Rideat
668 272 841 312 adsiduis
861 283 958 313 uxor
976 273 1099 312 inulta
1119 272 1218 312 dolis
1230 294 1286 302 —

307 389 374 426 59.
435 387 518 426 Nec
538 388 683 427 lasciva
701 398 810 427 soror
830 387 984 427 dicatur
1002 388 1114 436 plura
1133 388 1276 439 bibisse
1347 438 1352 442 ἡ

506 455 646 495 Pocula
666 455 726 495 vel
747 455 1106 505 plureskemeruisse
1127 456 1229 494 viros
1242 478 1296 484 —
1308 458 1399 495 cett.
1413 477 1467 485 —

154 569 225 620 ΙΙΙ,
239 572 278 620 4,
294 571 360 608 57.
376 581 405 609 s.
429 568 671 610 Carminibus
693 569 887 609 celebrata
905 570 983 609 tuis
1002 568 1168 611 formosa
1188 569 1338 609 Neaera

505 638 678 676 Alterius
698 638 840 676 mavolt
858 649 941 676 esse
961 638 1088 687 puella
1107 638 1194 676 viri.
1212 660 1261 665 —

214 765 253 811 6,
277 765 344 803 59.
368 774 399 802 s.
442 763 529 803 Non
553 774 638 813 ego,
662 764 693 802 si
713 763 835 813 fugiat
853 767 1008 803 nostrae
1030 763 1206 803 convivia
1226 774 1380 803 mensae

502 831 680 879 Ignotum
701 832 859 879 cupiens
878 843 978 870 vana
997 832 1123 881 puella
1144 835 1286 881 torum,

443 897 640 937 Sollicitus
660 901 835 946 repetam
856 902 939 937 tota
959 899 1126 947 suspiria
1146 903 1270 937 nocte.
1284 920 1340 926 —

149 1023 220 1072 IV,
237 1024 303 1071 10,
324 1025 360 1062 3.
380 1033 411 1062 S.
434 1021 473 1061 Si
493 1022 565 1061 tibi
586 1033 680 1062 cura
699 1026 811 1073 togae
831 1024 958 1073 potior
977 1035 1230 1073 pressumque
1251 1023 1411 1073 quasillo

501 1091 680 1129 Scortum
701 1103 814 1140 quam
833 1091 940 1130 Servi
960 1090 1040 1130 filia
1060 1092 1248 1141 Sulpicia:
1261 1113 1318 1120 —

148 1208 188 1243 et
210 1204 384 1243 Catullus
405 1206 490 1253 (21.
516 1207 583 1242 24.
609 1206 676 1242 37.
701 1206 768 1242 40.
791 1206 858 1242 77.
882 1207 948 1243 90.
968 1206 1036 1243 83.
1057 1206 1125 1242 82.
1145 1206 1214 1253 81,
1235 1206 1303 1242 79.
1319 1205 1548 1254 77.)quam-

147 1283 259 1321 quam
289 1272 400 1321 plura
429 1270 478 1309 ad
509 1271 676 1309 aemulos
709 1282 818 1319 quam
847 1272 893 1309 de
912 1271 960 1309 iis
981 1271 1029 1309 ad
1051 1282 1117 1309 eos
1139 1282 1234 1319 quos
1256 1275 1360 1309 amat
1380 1273 1553 1311 carmina

146 1340 291 1388 scripta
319 1339 453 1387 habet,
486 1339 580 1377 satis
612 1343 740 1377 tamen
771 1339 889 1378 habet
909 1339 1057 1377 Aurelii
1089 1339 1256 1387 inopiam
1282 1344 1321 1378 et
1347 1339 1547 1388 pallorem,

145 1406 260 1446 Gellii
281 1410 321 1445 et
336 1406 466 1444 Lesbii
487 1406 654 1444 incestos
674 1417 840 1454 amores,
862 1406 1019 1454 Egnatii
1040 1406 1223 1444 candidos
1244 1406 1377 1444 dentes
1397 1408 1549 1455 paucis-

144 1476 248 1514 simis
278 1475 568 1524 perstrinxisse;
602 1473 762 1514 Ovidius
790 1486 882 1513 vero
909 1486 996 1514 cum
1016 1475 1055 1513 iu
1078 1479 1160 1514 toto
1182 1475 1368 1515 Amorum
1390 1488 1549 1525 corpore

145 1544 347 1592 quinquies
368 1543 482 1581 alieni
502 1543 644 1581 amoris
664 1544 892 1581 mentionem
914 1542 1032 1581 faciat
1052 1544 1099 1592 (I,
1123 1546 1161 1581 4.
1185 1544 1254 1592 111,
1279 1546 1317 1582 3.
1344 1546 1381 1582 5.
1406 1545 1445 1583 8.
1468 1545 1546 1592 11),

145 1611 262 1649 semel
283 1611 406 1648 virum
434 1610 477 1659 (I,
502 1611 573 1659 4.),
597 1610 715 1648 semel
741 1610 828 1659 (ΙΙΙ,
857 1611 898 1657 8)
925 1610 1152 1658 locupletem
1177 1610 1338 1649 militem
1359 1612 1547 1649 aemulum

145 1678 239 1716 dicit
259 1678 360 1727 (nam
383 1688 495 1726 quem
515 1677 564 1725 II,
588 1679 652 1716 19.
670 1677 740 1725 III,
759 1679 802 1715 4:
830 1677 957 1720 virum
986 1677 1137 1726 affatur,
1160 1678 1195 1715 ei
1217 1677 1280 1715 vix
1302 1678 1545 1727 aemulatur):

142 1747 232 1785 alibi
255 1759 302 1785 ne
323 1747 441 1785 verbo
463 1747 614 1795 quidem
637 1758 749 1795 quem
770 1747 874 1785 dicat
895 1746 1093 1794 significat.
1131 1746 1306 1794 Longum
1327 1750 1386 1784 est
1407 1747 1547 1785 Heroi-

144 1815 211 1854 das
233 1815 348 1855 etiam
371 1815 409 1853 in
432 1826 586 1853 causam
608 1814 807 1864 adhibere,
841 1825 1069 1864 quamquam
1091 1825 1137 1852 ne
1159 1814 1246 1853 inde
1268 1813 1419 1863 quidem
1441 1815 1546 1862 quis-

143 1894 255 1931 quam
285 1883 426 1921 aemuli
457 1883 516 1921 vel
548 1883 719 1921 aemulae
744 1883 1019 1921 accuratiorem
1041 1882 1334 1930 descriptionem
1355 1881 1543 1930 proferet3

141 1951 256 1989 immo
286 1951 345 1989 vel
371 1951 465 1989 haec
491 1949 650 1989 forsitan
672 1950 844 1999 pluribus
860 1962 978 1999 *quam
1005 1962 1100 1999 opus
1123 1954 1208 1989 erat
1229 1951 1418 1999 disputata
1438 1950 1544 1989 vide-

141 2022 268 2057 antur:
303 2018 369 2057 sed
402 2019 566 2057 attinere
598 2018 814 2057 arbitrabar
840 2018 1097 2068 exemplorum
1125 2018 1366 2057 multitudine
1391 2018 1541 2066 planum

140 2086 287 2135 facere,
321 2098 433 2135 quam
454 2087 579 2125 aliena
598 2087 701 2125 haud
722 2098 812 2125 raro
835 2087 901 2135 qui
923 2087 1122 2124 emendare
1144 2086 1286 2125 vellent
1305 2090 1475 2125 veterum
1496 2086 1542 2124 li-

139 2154 231 2193 bros
262 2155 310 2193 iis
341 2155 587 2193 intruderent
619 2166 807 2204 quamque
838 2154 973 2193 inutile
1005 2158 1106 2192 esset
1134 2155 1224 2203 quid
1245 2155 1352 2192 nobis
1372 2154 1544 2202 placeret

139 2222 260 2270 magis
281 2233 396 2270 quam,
416 2223 507 2270 quid
528 2234 551 2260 a
572 2222 769 2261 veteribus
790 2222 1033 2260 observatum
1056 2226 1160 2260 esset
1181 2233 1377 2270 quaerere.
1407 2220 1542 2268 Quam-

140 2301 253 2338 quam
275 2289 338 2328 hic
359 2288 512 2338 quidem
534 2291 595 2328 cui
616 2290 764 2338 placeat
780 2289 951 2327 aemulae
967 2289 1117 2338 longior
1133 2289 1354 2338 descriptio,
1377 2289 1442 2337 qui
1459 2289 1541 2337 qui-

139 2357 228 2409 dem
248 2369 324 2397 non
345 2358 431 2406 plus
454 2369 475 2395 a
496 2357 727 2396 carminibus
747 2356 907 2406 flagitet,
931 2369 1043 2406 quam
1065 2370 1127 2396 res
1143 2362 1183 2397 et
1199 2357 1341 2396 veritas
1358 2358 1441 2406 ipsa
1457 2367 1543 2395 con·

140 2425 275 2464 cedat?
311 2425 486 2474 Namque
512 2426 551 2463 in
571 2425 695 2464 forma
715 2429 755 2464 et
776 2425 1035 2474 descriptione
1058 2427 1141 2464 eius
1163 2426 1223 2465 cui
1244 2425 1436 2464 aemulare
1457 2423 1542 2462 diu-
