<?xml version="1.0" encoding="UTF-8"?>
<!DOCTYPE html PUBLIC "-//W3C//DTD XHTML 1.0 Transitional//EN"
    "http://www.w3.org/TR/xhtml1/DTD/xhtml1-transitional.dtd">
<html xmlns="http://www.w3.org/1999/xhtml" xml:lang="en" lang="en">
 <head>
  <title>
</title>
<meta http-equiv="Content-Type" content="text/html;charset=utf-8" />
  <meta name='ocr-system' content='tesseract 3.04.00' />
  <meta name='ocr-capabilities' content='ocr_page ocr_carea ocr_par ocr_line ocrx_word'/>
</head>
<body>
  <div class='ocr_page' id='page_1' title='image "4737380_0044.png"; bbox 0 0 1862 2676; ppageno 0'>
   <div class='ocr_carea' id='block_1_1' title="bbox 840 46 1108 118">
    <p class='ocr_par' dir='ltr' id='par_1_1' title="bbox 840 46 1108 118">
     <span class='ocr_line' id='line_1_1' title="bbox 840 46 1108 118; baseline 0.004 -1"><span class='ocrx_word' id='word_1_1' title='bbox 840 46 1108 118; x_wconf 24' lang='lat'>¹-34--</span> 
     </span>
    </p>
   </div>
   <div class='ocr_carea' id='block_1_2' title="bbox 291 186 1749 2490">
    <p class='ocr_par' dir='ltr' id='par_1_2' title="bbox 291 186 1749 2490">
     <span class='ocr_line' id='line_1_2' title="bbox 297 186 1749 253; baseline 0 -18"><span class='ocrx_word' id='word_1_2' title='bbox 297 194 373 235; x_wconf 86' lang='lat' dir='ltr'><strong>Sed</strong></span> <span class='ocrx_word' id='word_1_3' title='bbox 390 207 459 235; x_wconf 88' lang='lat' dir='ltr'><strong>cur</strong></span> <span class='ocrx_word' id='word_1_4' title='bbox 474 195 678 235; x_wconf 85' lang='lat' dir='ltr'><strong>haereatur</strong></span> <span class='ocrx_word' id='word_1_5' title='bbox 697 195 737 234; x_wconf 88' lang='lat' dir='ltr'><strong>in</strong></span> <span class='ocrx_word' id='word_1_6' title='bbox 759 201 865 246; x_wconf 68' lang='lat' dir='ltr'><strong>valge</strong></span> <span class='ocrx_word' id='word_1_7' title='bbox 878 207 954 250; x_wconf 87' lang='lat' dir='ltr'><strong>nos</strong></span> <span class='ocrx_word' id='word_1_8' title='bbox 974 199 1107 246; x_wconf 84' lang='lat' dir='ltr'><strong>aperte</strong></span> <span class='ocrx_word' id='word_1_9' title='bbox 1127 192 1349 253; x_wconf 77' lang='lat' dir='ltr'><strong>profitemur</strong></span> <span class='ocrx_word' id='word_1_10' title='bbox 1362 186 1473 246; x_wconf 70' lang='lat' dir='ltr'><strong>plane</strong></span> <span class='ocrx_word' id='word_1_11' title='bbox 1486 198 1563 236; x_wconf 78' lang='lat' dir='ltr'><strong>nou</strong></span> <span class='ocrx_word' id='word_1_12' title='bbox 1577 195 1689 237; x_wconf 81' lang='lat' dir='ltr'><strong>intel·</strong></span> <span class='ocrx_word' id='word_1_13' title='bbox 1747 221 1749 223; x_wconf 66' lang='grc'><em>»</em></span> 
     </span>
     <span class='ocr_line' id='line_1_3' title="bbox 296 252 1689 313; baseline 0.001 -12"><span class='ocrx_word' id='word_1_14' title='bbox 296 264 427 312; x_wconf 83' lang='lat' dir='ltr'><strong>ligere.</strong></span> <span class='ocrx_word' id='word_1_15' title='bbox 451 264 602 313; x_wconf 85' lang='lat' dir='ltr'>Vagus</span> <span class='ocrx_word' id='word_1_16' title='bbox 623 265 722 303; x_wconf 89' lang='lat' dir='ltr'><strong>enim</strong></span> <span class='ocrx_word' id='word_1_17' title='bbox 744 252 961 313; x_wconf 83' lang='lat' dir='ltr'><strong>appellatur</strong></span> <span class='ocrx_word' id='word_1_18' title='bbox 981 266 1027 307; x_wconf 84' lang='lat' dir='ltr'><strong>is,</strong></span> <span class='ocrx_word' id='word_1_19' title='bbox 1049 265 1114 312; x_wconf 87' lang='lat' dir='ltr'><strong>qui</strong></span> <span class='ocrx_word' id='word_1_20' title='bbox 1133 264 1273 304; x_wconf 75' lang='lat' dir='ltr'><strong>finibus</strong></span> <span class='ocrx_word' id='word_1_21' title='bbox 1292 262 1576 313; x_wconf 73' lang='lat' dir='ltr'><strong>aliquibus&#39;non</strong></span> <span class='ocrx_word' id='word_1_22' title='bbox 1597 276 1689 304; x_wconf 84' lang='lat' dir='ltr'><strong>con-</strong></span> 
     </span>
     <span class='ocr_line' id='line_1_4' title="bbox 295 324 1687 382; baseline 0.001 -13"><span class='ocrx_word' id='word_1_23' title='bbox 295 332 459 382; x_wconf 88' lang='lat' dir='ltr'><strong>tinetur,</strong></span> <span class='ocrx_word' id='word_1_24' title='bbox 483 332 552 371; x_wconf 88' lang='lat' dir='ltr'><strong>sed</strong></span> <span class='ocrx_word' id='word_1_25' title='bbox 571 344 637 372; x_wconf 85' lang='lat' dir='ltr'><strong>eos</strong></span> <span class='ocrx_word' id='word_1_26' title='bbox 656 333 806 371; x_wconf 79' lang='lat' dir='ltr'>transit.</span> <span class='ocrx_word' id='word_1_27' title='bbox 850 334 906 372; x_wconf 90' lang='lat' dir='ltr'><strong>Ac</strong></span> <span class='ocrx_word' id='word_1_28' title='bbox 931 333 1084 382; x_wconf 77' lang='lat' dir='ltr'>proprie</span> <span class='ocrx_word' id='word_1_29' title='bbox 1111 332 1264 382; x_wconf 82' lang='lat' dir='ltr'><strong>quidem</strong></span> <span class='ocrx_word' id='word_1_30' title='bbox 1291 324 1488 382; x_wconf 78' lang='lat' dir='ltr'><strong>accipitur·</strong></span> <span class='ocrx_word' id='word_1_31' title='bbox 1503 332 1687 382; x_wconf 75' lang='lat' dir='ltr'>localiter,</span> 
     </span>
     <span class='ocr_line' id='line_1_5' title="bbox 296 400 1689 450; baseline 0.001 -12"><span class='ocrx_word' id='word_1_32' title='bbox 296 400 398 438; x_wconf 90' lang='lat' dir='ltr'><strong>velut</strong></span> <span class='ocrx_word' id='word_1_33' title='bbox 417 400 500 449; x_wconf 87' lang='lat' dir='ltr'><strong>ipse</strong></span> <span class='ocrx_word' id='word_1_34' title='bbox 520 400 745 449; x_wconf 83' lang='lat' dir='ltr'><strong>Propertius</strong></span> <span class='ocrx_word' id='word_1_35' title='bbox 761 401 829 449; x_wconf 91' lang='lat' dir='ltr'>III,</span> <span class='ocrx_word' id='word_1_36' title='bbox 851 404 915 449; x_wconf 40' lang='lat'><strong>1⁴1,</strong></span> <span class='ocrx_word' id='word_1_37' title='bbox 936 404 1001 440; x_wconf 86' lang='lat'><strong>51.</strong></span> <span class='ocrx_word' id='word_1_38' title='bbox 1026 413 1134 449; x_wconf 88' lang='lat' dir='ltr'><strong>vaga</strong></span> <span class='ocrx_word' id='word_1_39' title='bbox 1153 401 1247 439; x_wconf 87' lang='lat' dir='ltr'><strong>dicit</strong></span> <span class='ocrx_word' id='word_1_40' title='bbox 1266 401 1454 440; x_wconf 83' lang='lat' dir='ltr'><strong>flumina</strong></span> <span class='ocrx_word' id='word_1_41' title='bbox 1473 401 1577 450; x_wconf 86' lang='lat' dir='ltr'><strong>Nili,</strong></span> <span class='ocrx_word' id='word_1_42' title='bbox 1600 402 1689 448; x_wconf 79' lang='lat' dir='ltr'><strong>quia</strong></span> 
     </span>
     <span class='ocr_line' id='line_1_6' title="bbox 296 467 1686 516; baseline 0.001 -11"><span class='ocrx_word' id='word_1_43' title='bbox 296 479 368 505; x_wconf 93' lang='lat' dir='ltr'><strong>non</strong></span> <span class='ocrx_word' id='word_1_44' title='bbox 390 468 537 506; x_wconf 90' lang='lat' dir='ltr'><strong>directa</strong></span> <span class='ocrx_word' id='word_1_45' title='bbox 556 468 656 506; x_wconf 83' lang='lat' dir='ltr'><strong>linea</strong></span> <span class='ocrx_word' id='word_1_46' title='bbox 676 469 930 516; x_wconf 86' lang='lat' dir='ltr'><strong>continentur,</strong></span> <span class='ocrx_word' id='word_1_47' title='bbox 954 469 1020 506; x_wconf 92' lang='lat' dir='ltr'><strong>sed</strong></span> <span class='ocrx_word' id='word_1_48' title='bbox 1041 467 1161 506; x_wconf 86' lang='lat' dir='ltr'><strong>flexus</strong></span> <span class='ocrx_word' id='word_1_49' title='bbox 1180 479 1272 507; x_wconf 87' lang='lat' dir='ltr'><strong>suos</strong></span> <span class='ocrx_word' id='word_1_50' title='bbox 1289 472 1329 508; x_wconf 91' lang='lat' dir='ltr'><strong>et</strong></span> <span class='ocrx_word' id='word_1_51' title='bbox 1348 468 1513 507; x_wconf 80' lang='lat' dir='ltr'><strong>ambitus</strong></span> <span class='ocrx_word' id='word_1_52' title='bbox 1533 468 1686 515; x_wconf 86' lang='lat' dir='ltr'><strong>habent,</strong></span> 
     </span>
     <span class='ocr_line' id='line_1_7' title="bbox 295 535 1688 585; baseline 0.001 -12"><span class='ocrx_word' id='word_1_53' title='bbox 295 539 335 574; x_wconf 88' lang='lat' dir='ltr'><strong>et</strong></span> <span class='ocrx_word' id='word_1_54' title='bbox 354 535 385 583; x_wconf 93' lang='lat' dir='ltr'><strong>I,</strong></span> <span class='ocrx_word' id='word_1_55' title='bbox 411 537 479 583; x_wconf 86' lang='lat'><strong>20,</strong></span> <span class='ocrx_word' id='word_1_56' title='bbox 506 537 570 574; x_wconf 92' lang='grc'><strong>10.</strong></span> <span class='ocrx_word' id='word_1_57' title='bbox 592 547 729 585; x_wconf 84' lang='lat' dir='ltr'><strong>vagum</strong></span> <span class='ocrx_word' id='word_1_58' title='bbox 751 536 914 575; x_wconf 90' lang='lat' dir='ltr'><strong>fluminis</strong></span> <span class='ocrx_word' id='word_1_59' title='bbox 934 536 1150 585; x_wconf 87' lang='lat' dir='ltr'><strong>hospitium,</strong></span> <span class='ocrx_word' id='word_1_60' title='bbox 1172 540 1239 575; x_wconf 87' lang='lat' dir='ltr'><strong>aut</strong></span> <span class='ocrx_word' id='word_1_61' title='bbox 1260 540 1303 575; x_wconf 91' lang='lat' dir='ltr'><strong>ut</strong></span> <span class='ocrx_word' id='word_1_62' title='bbox 1325 537 1508 575; x_wconf 83' lang='lat' dir='ltr'><strong>Horatius</strong></span> <span class='ocrx_word' id='word_1_63' title='bbox 1528 540 1688 585; x_wconf 85' lang='lat' dir='ltr'><strong>propter</strong></span> 
     </span>
     <span class='ocr_line' id='line_1_8' title="bbox 295 603 1686 655; baseline 0.001 -14"><span class='ocrx_word' id='word_1_64' title='bbox 295 604 434 642; x_wconf 83' lang='lat' dir='ltr'><strong>itinera</strong></span> <span class='ocrx_word' id='word_1_65' title='bbox 459 607 498 642; x_wconf 90' lang='lat' dir='ltr'><strong>et</strong></span> <span class='ocrx_word' id='word_1_66' title='bbox 523 603 727 642; x_wconf 85' lang='lat' dir='ltr'><strong>Herculem</strong></span> <span class='ocrx_word' id='word_1_67' title='bbox 755 603 810 652; x_wconf 86' lang='lat' dir='ltr'><strong>(C.</strong></span> <span class='ocrx_word' id='word_1_68' title='bbox 839 604 907 653; x_wconf 95' lang='lat' dir='ltr'>III,</span> <span class='ocrx_word' id='word_1_69' title='bbox 939 606 976 651; x_wconf 87' lang='lat'><strong>3,</strong></span> <span class='ocrx_word' id='word_1_70' title='bbox 1001 604 1055 651; x_wconf 82' lang='grc'><strong>9.)</strong></span> <span class='ocrx_word' id='word_1_71' title='bbox 1082 608 1120 643; x_wconf 93' lang='lat' dir='ltr'><strong>et</strong></span> <span class='ocrx_word' id='word_1_72' title='bbox 1146 605 1187 643; x_wconf 94' lang='lat' dir='ltr'><strong>Io</strong></span> <span class='ocrx_word' id='word_1_73' title='bbox 1213 604 1300 655; x_wconf 89' lang='lat' dir='ltr'><strong>(Ep.</strong></span> <span class='ocrx_word' id='word_1_74' title='bbox 1329 606 1376 644; x_wconf 86' lang='lat' dir='ltr'><strong>ad</strong></span> <span class='ocrx_word' id='word_1_75' title='bbox 1401 605 1479 643; x_wconf 87' lang='lat' dir='ltr'><strong>Pis.</strong></span> <span class='ocrx_word' id='word_1_76' title='bbox 1515 604 1622 653; x_wconf 84' lang='lat'>124.)</span> <span class='ocrx_word' id='word_1_77' title='bbox 1647 608 1686 643; x_wconf 95' lang='lat' dir='ltr'><strong>et</strong></span> 
     </span>
     <span class='ocr_line' id='line_1_9' title="bbox 296 672 1686 721; baseline 0.001 -11"><span class='ocrx_word' id='word_1_78' title='bbox 296 676 548 710; x_wconf 85' lang='lat' dir='ltr'><strong>mercatorem</strong></span> <span class='ocrx_word' id='word_1_79' title='bbox 569 673 634 721; x_wconf 90' lang='lat' dir='ltr'><strong>(ib.</strong></span> <span class='ocrx_word' id='word_1_80' title='bbox 658 672 768 721; x_wconf 91' lang='grc'>117.)</span> <span class='ocrx_word' id='word_1_81' title='bbox 790 684 926 721; x_wconf 87' lang='lat' dir='ltr'><strong>vagum</strong></span> <span class='ocrx_word' id='word_1_82' title='bbox 948 673 1130 721; x_wconf 84' lang='lat' dir='ltr'><strong>appellat3</strong></span> <span class='ocrx_word' id='word_1_83' title='bbox 1153 674 1221 712; x_wconf 90' lang='lat' dir='ltr'><strong>sed</strong></span> <span class='ocrx_word' id='word_1_84' title='bbox 1241 673 1472 712; x_wconf 86' lang='lat' dir='ltr'><strong>transfertur</strong></span> <span class='ocrx_word' id='word_1_85' title='bbox 1488 672 1534 711; x_wconf 87' lang='lat' dir='ltr'><strong>ad</strong></span> <span class='ocrx_word' id='word_1_86' title='bbox 1547 673 1686 712; x_wconf 88' lang='lat' dir='ltr'><strong>multas</strong></span> 
     </span>
     <span class='ocr_line' id='line_1_10' title="bbox 296 740 1685 800; baseline -0.001 -22"><span class='ocrx_word' id='word_1_87' title='bbox 296 751 373 788; x_wconf 86' lang='lat' dir='ltr'><strong>res,</strong></span> <span class='ocrx_word' id='word_1_88' title='bbox 395 752 464 800; x_wconf 70' lang='lat' dir='ltr'><strong>nec</strong></span> <span class='ocrx_word' id='word_1_89' title='bbox 486 751 637 789; x_wconf 89' lang='lat' dir='ltr'><strong>semper</strong></span> <span class='ocrx_word' id='word_1_90' title='bbox 659 744 791 789; x_wconf 82' lang='lat' dir='ltr'><strong>aperte</strong></span> <span class='ocrx_word' id='word_1_91' title='bbox 813 741 1031 780; x_wconf 83' lang='lat' dir='ltr'><strong>declaratur</strong></span> <span class='ocrx_word' id='word_1_92' title='bbox 1056 741 1120 790; x_wconf 91' lang='lat' dir='ltr'><strong>qui</strong></span> <span class='ocrx_word' id='word_1_93' title='bbox 1147 740 1242 780; x_wconf 91' lang='lat' dir='ltr'><strong>fines</strong></span> <span class='ocrx_word' id='word_1_94' title='bbox 1267 746 1510 781; x_wconf 86' lang='lat' dir='ltr'><strong>transeantur</strong></span> <span class='ocrx_word' id='word_1_95' title='bbox 1529 745 1573 780; x_wconf 90' lang='lat' dir='ltr'><strong>ut</strong></span> <span class='ocrx_word' id='word_1_96' title='bbox 1592 740 1685 779; x_wconf 86' lang='lat' dir='ltr'><strong>Hor.</strong></span> 
     </span>
     <span class='ocr_line' id='line_1_11' title="bbox 295 807 1687 857; baseline 0 -11"><span class='ocrx_word' id='word_1_97' title='bbox 295 807 375 846; x_wconf 82' lang='lat' dir='ltr'><strong>Sat.</strong></span> <span class='ocrx_word' id='word_1_98' title='bbox 402 808 450 853; x_wconf 87' lang='grc' dir='ltr'><strong>ΙΙ,</strong></span> <span class='ocrx_word' id='word_1_99' title='bbox 485 810 524 855; x_wconf 90' lang='grc'><strong>7,</strong></span> <span class='ocrx_word' id='word_1_100' title='bbox 554 810 620 846; x_wconf 88' lang='grc'><strong>74.</strong></span> <span class='ocrx_word' id='word_1_101' title='bbox 653 808 747 856; x_wconf 89' lang='lat' dir='ltr'><strong>(Iam</strong></span> <span class='ocrx_word' id='word_1_102' title='bbox 770 820 862 857; x_wconf 85' lang='lat' dir='ltr'><strong>vaga</strong></span> <span class='ocrx_word' id='word_1_103' title='bbox 892 809 1066 857; x_wconf 86' lang='lat' dir='ltr'><strong>prosiliet</strong></span> <span class='ocrx_word' id='word_1_104' title='bbox 1095 808 1214 847; x_wconf 89' lang='lat' dir='ltr'><strong>frenis</strong></span> <span class='ocrx_word' id='word_1_105' title='bbox 1245 814 1382 847; x_wconf 88' lang='lat' dir='ltr'><strong>natura</strong></span> <span class='ocrx_word' id='word_1_106' title='bbox 1417 810 1590 856; x_wconf 88' lang='lat' dir='ltr'><strong>remotis)</strong></span> <span class='ocrx_word' id='word_1_107' title='bbox 1620 814 1687 847; x_wconf 90' lang='lat' dir='ltr'><strong>aut</strong></span> 
     </span>
     <span class='ocr_line' id='line_1_12' title="bbox 296 875 1684 926; baseline 0 -12"><span class='ocrx_word' id='word_1_108' title='bbox 296 875 367 925; x_wconf 88' lang='lat' dir='ltr'><strong>Ep.</strong></span> <span class='ocrx_word' id='word_1_109' title='bbox 390 876 422 924; x_wconf 93' lang='lat' dir='ltr'><strong>I,</strong></span> <span class='ocrx_word' id='word_1_110' title='bbox 448 878 514 924; x_wconf 85' lang='lat'><strong>15,</strong></span> <span class='ocrx_word' id='word_1_111' title='bbox 539 878 604 915; x_wconf 83' lang='lat'><strong>28.</strong></span> <span class='ocrx_word' id='word_1_112' title='bbox 629 875 787 925; x_wconf 81' lang='lat' dir='ltr'><strong>(Scurra</strong></span> <span class='ocrx_word' id='word_1_113' title='bbox 807 888 925 925; x_wconf 88' lang='lat' dir='ltr'><strong>vagus</strong></span> <span class='ocrx_word' id='word_1_114' title='bbox 946 889 1018 915; x_wconf 92' lang='lat' dir='ltr'><strong>non</strong></span> <span class='ocrx_word' id='word_1_115' title='bbox 1046 878 1110 926; x_wconf 92' lang='lat' dir='ltr'><strong>qui</strong></span> <span class='ocrx_word' id='word_1_116' title='bbox 1137 880 1283 916; x_wconf 89' lang='lat' dir='ltr'><strong>certum</strong></span> <span class='ocrx_word' id='word_1_117' title='bbox 1305 888 1487 925; x_wconf 88' lang='lat' dir='ltr'><strong>praesepe</strong></span> <span class='ocrx_word' id='word_1_118' title='bbox 1508 877 1684 925; x_wconf 85' lang='lat' dir='ltr'><strong>teneret),</strong></span> 
     </span>
     <span class='ocr_line' id='line_1_13' title="bbox 296 944 1686 994; baseline 0.001 -13"><span class='ocrx_word' id='word_1_119' title='bbox 296 944 363 982; x_wconf 85' lang='lat' dir='ltr'><strong>sed</strong></span> <span class='ocrx_word' id='word_1_120' title='bbox 384 955 497 992; x_wconf 87' lang='lat' dir='ltr'><strong>saepe</strong></span> <span class='ocrx_word' id='word_1_121' title='bbox 519 945 588 982; x_wconf 91' lang='lat' dir='ltr'><strong>hos</strong></span> <span class='ocrx_word' id='word_1_122' title='bbox 608 949 651 983; x_wconf 92' lang='lat' dir='ltr'><strong>ut</strong></span> <span class='ocrx_word' id='word_1_123' title='bbox 672 957 717 982; x_wconf 86' lang='lat' dir='ltr'><strong>ex</strong></span> <span class='ocrx_word' id='word_1_124' title='bbox 739 945 837 982; x_wconf 90' lang='lat' dir='ltr'><strong>serie</strong></span> <span class='ocrx_word' id='word_1_125' title='bbox 860 945 1069 993; x_wconf 89' lang='lat' dir='ltr'><strong>copulaque</strong></span> <span class='ocrx_word' id='word_1_126' title='bbox 1090 957 1218 983; x_wconf 90' lang='lat' dir='ltr'><strong>rerum</strong></span> <span class='ocrx_word' id='word_1_127' title='bbox 1239 946 1453 994; x_wconf 88' lang='lat' dir='ltr'><strong>intelligant</strong></span> <span class='ocrx_word' id='word_1_128' title='bbox 1472 945 1686 994; x_wconf 87' lang='lat' dir='ltr'><strong>legentibus</strong></span> 
     </span>
     <span class='ocr_line' id='line_1_14' title="bbox 297 1011 1687 1062; baseline 0.001 -13"><span class='ocrx_word' id='word_1_129' title='bbox 297 1011 534 1060; x_wconf 89' lang='lat' dir='ltr'><strong>relinquitur.</strong></span> <span class='ocrx_word' id='word_1_130' title='bbox 559 1011 618 1050; x_wconf 91' lang='lat' dir='ltr'><strong>Sic</strong></span> <span class='ocrx_word' id='word_1_131' title='bbox 640 1013 720 1061; x_wconf 87' lang='lat' dir='ltr'><strong>ipse</strong></span> <span class='ocrx_word' id='word_1_132' title='bbox 737 1011 965 1060; x_wconf 91' lang='lat' dir='ltr'><strong>Propertius</strong></span> <span class='ocrx_word' id='word_1_133' title='bbox 982 1012 1013 1061; x_wconf 95' lang='lat' dir='ltr'><strong>I,</strong></span> <span class='ocrx_word' id='word_1_134' title='bbox 1032 1015 1068 1061; x_wconf 83' lang='lat'><strong>5,</strong></span> <span class='ocrx_word' id='word_1_135' title='bbox 1083 1014 1120 1051; x_wconf 94' lang='lat'><strong>7.</strong></span> <span class='ocrx_word' id='word_1_136' title='bbox 1138 1013 1224 1051; x_wconf 90' lang='lat' dir='ltr'><strong>Non</strong></span> <span class='ocrx_word' id='word_1_137' title='bbox 1244 1016 1304 1051; x_wconf 88' lang='lat' dir='ltr'><strong>est</strong></span> <span class='ocrx_word' id='word_1_138' title='bbox 1324 1013 1400 1061; x_wconf 88' lang='lat' dir='ltr'><strong>illa,</strong></span> <span class='ocrx_word' id='word_1_139' title='bbox 1421 1013 1556 1062; x_wconf 86' lang='lat' dir='ltr'><strong>inquit,</strong></span> <span class='ocrx_word' id='word_1_140' title='bbox 1581 1013 1687 1061; x_wconf 80' lang='lat' dir='ltr'><strong>vagis</strong></span> 
     </span>
     <span class='ocr_line' id='line_1_15' title="bbox 295 1079 1688 1130; baseline 0.002 -14"><span class='ocrx_word' id='word_1_141' title='bbox 295 1079 431 1117; x_wconf 76' lang='lat' dir='ltr'><strong>similis</strong></span> <span class='ocrx_word' id='word_1_142' title='bbox 454 1080 593 1118; x_wconf 89' lang='lat' dir='ltr'><strong>collata</strong></span> <span class='ocrx_word' id='word_1_143' title='bbox 612 1080 761 1128; x_wconf 88' lang='lat' dir='ltr'><strong>puellis.</strong></span> <span class='ocrx_word' id='word_1_144' title='bbox 782 1079 864 1127; x_wconf 80' lang='lat' dir='ltr'><strong>Quo</strong></span> <span class='ocrx_word' id='word_1_145' title='bbox 885 1081 968 1118; x_wconf 91' lang='lat' dir='ltr'><strong>loco</strong></span> <span class='ocrx_word' id='word_1_146' title='bbox 990 1081 1022 1118; x_wconf 88' lang='lat' dir='ltr'><strong>si</strong></span> <span class='ocrx_word' id='word_1_147' title='bbox 1044 1081 1200 1119; x_wconf 89' lang='lat' dir='ltr'><strong>dubium</strong></span> <span class='ocrx_word' id='word_1_148' title='bbox 1217 1093 1289 1119; x_wconf 93' lang='lat' dir='ltr'><strong>non</strong></span> <span class='ocrx_word' id='word_1_149' title='bbox 1307 1085 1367 1120; x_wconf 89' lang='lat' dir='ltr'><strong>est</strong></span> <span class='ocrx_word' id='word_1_150' title='bbox 1388 1082 1478 1130; x_wconf 91' lang='lat' dir='ltr'><strong>quin</strong></span> <span class='ocrx_word' id='word_1_151' title='bbox 1499 1092 1565 1119; x_wconf 91' lang='lat' dir='ltr'><strong>eae</strong></span> <span class='ocrx_word' id='word_1_152' title='bbox 1585 1081 1688 1129; x_wconf 87' lang='lat' dir='ltr'><strong>puel-</strong></span> 
     </span>
     <span class='ocr_line' id='line_1_16' title="bbox 296 1147 1686 1197; baseline 0.001 -13"><span class='ocrx_word' id='word_1_153' title='bbox 296 1147 356 1184; x_wconf 85' lang='lat' dir='ltr'><strong>lae</strong></span> <span class='ocrx_word' id='word_1_154' title='bbox 387 1147 574 1196; x_wconf 85' lang='lat' dir='ltr'><strong>dicantur,</strong></span> <span class='ocrx_word' id='word_1_155' title='bbox 604 1159 700 1196; x_wconf 90' lang='lat' dir='ltr'><strong>quae</strong></span> <span class='ocrx_word' id='word_1_156' title='bbox 728 1158 800 1185; x_wconf 91' lang='lat' dir='ltr'><strong>non</strong></span> <span class='ocrx_word' id='word_1_157' title='bbox 826 1159 935 1185; x_wconf 87' lang='lat' dir='ltr'><strong>suum</strong></span> <span class='ocrx_word' id='word_1_158' title='bbox 962 1159 1132 1196; x_wconf 90' lang='lat' dir='ltr'><strong>quaeque</strong></span> <span class='ocrx_word' id='word_1_159' title='bbox 1158 1148 1279 1186; x_wconf 88' lang='lat' dir='ltr'><strong>virum</strong></span> <span class='ocrx_word' id='word_1_160' title='bbox 1304 1152 1409 1186; x_wconf 84' lang='lat' dir='ltr'><strong>certo</strong></span> <span class='ocrx_word' id='word_1_161' title='bbox 1430 1153 1686 1197; x_wconf 87' lang='lat' dir='ltr'><strong>perpetuoque</strong></span> 
     </span>
     <span class='ocr_line' id='line_1_17' title="bbox 295 1215 1687 1264; baseline 0.001 -11"><span class='ocrx_word' id='word_1_162' title='bbox 295 1226 426 1254; x_wconf 82' lang='lat' dir='ltr'><strong>amore</strong></span> <span class='ocrx_word' id='word_1_163' title='bbox 458 1216 745 1264; x_wconf 88' lang='lat' dir='ltr'><strong>amplectantur,</strong></span> <span class='ocrx_word' id='word_1_164' title='bbox 779 1216 845 1254; x_wconf 89' lang='lat' dir='ltr'><strong>sed</strong></span> <span class='ocrx_word' id='word_1_165' title='bbox 872 1216 920 1254; x_wconf 90' lang='lat' dir='ltr'><strong>ab</strong></span> <span class='ocrx_word' id='word_1_166' title='bbox 951 1228 1026 1254; x_wconf 93' lang='lat' dir='ltr'><strong>uno</strong></span> <span class='ocrx_word' id='word_1_167' title='bbox 1058 1216 1105 1254; x_wconf 89' lang='lat' dir='ltr'><strong>ad</strong></span> <span class='ocrx_word' id='word_1_168' title='bbox 1141 1216 1300 1255; x_wconf 87' lang='lat' dir='ltr'><strong>alterum</strong></span> <span class='ocrx_word' id='word_1_169' title='bbox 1329 1215 1439 1255; x_wconf 89' lang='lat' dir='ltr'><strong>facile</strong></span> <span class='ocrx_word' id='word_1_170' title='bbox 1470 1219 1687 1255; x_wconf 84' lang='lat' dir='ltr'><strong>transeant:</strong></span> 
     </span>
     <span class='ocr_line' id='line_1_18' title="bbox 296 1283 1685 1333; baseline 0.001 -12"><span class='ocrx_word' id='word_1_171' title='bbox 296 1283 386 1330; x_wconf 89' lang='lat' dir='ltr'><strong>quid</strong></span> <span class='ocrx_word' id='word_1_172' title='bbox 407 1283 561 1321; x_wconf 88' lang='lat' dir='ltr'><strong>tandem</strong></span> <span class='ocrx_word' id='word_1_173' title='bbox 582 1289 639 1322; x_wconf 89' lang='lat' dir='ltr'><strong>est</strong></span> <span class='ocrx_word' id='word_1_174' title='bbox 660 1295 729 1321; x_wconf 87' lang='lat' dir='ltr'><strong>cur</strong></span> <span class='ocrx_word' id='word_1_175' title='bbox 755 1284 817 1322; x_wconf 92' lang='lat' dir='ltr'><strong>hic</strong></span> <span class='ocrx_word' id='word_1_176' title='bbox 839 1295 956 1332; x_wconf 86' lang='lat' dir='ltr'><strong>vagus</strong></span> <span class='ocrx_word' id='word_1_177' title='bbox 984 1295 1057 1322; x_wconf 90' lang='lat' dir='ltr'><strong>non</strong></span> <span class='ocrx_word' id='word_1_178' title='bbox 1090 1283 1240 1322; x_wconf 89' lang='lat' dir='ltr'><strong>dicatur</strong></span> <span class='ocrx_word' id='word_1_179' title='bbox 1270 1284 1498 1333; x_wconf 85' lang='lat' dir='ltr'><strong>Propertius</strong></span> <span class='ocrx_word' id='word_1_180' title='bbox 1529 1283 1685 1333; x_wconf 88' lang='lat' dir='ltr'><strong>idcirco,</strong></span> 
     </span>
     <span class='ocr_line' id='line_1_19' title="bbox 296 1351 1686 1400; baseline -0.001 -10"><span class='ocrx_word' id='word_1_181' title='bbox 296 1351 395 1400; x_wconf 86' lang='lat' dir='ltr'><strong>quod</strong></span> <span class='ocrx_word' id='word_1_182' title='bbox 416 1363 463 1390; x_wconf 86' lang='lat' dir='ltr'><strong>ex</strong></span> <span class='ocrx_word' id='word_1_183' title='bbox 484 1352 542 1390; x_wconf 90' lang='lat' dir='ltr'><strong>sui</strong></span> <span class='ocrx_word' id='word_1_184' title='bbox 568 1352 662 1392; x_wconf 82' lang='lat' dir='ltr'><strong>orbe</strong></span> <span class='ocrx_word' id='word_1_185' title='bbox 690 1352 868 1390; x_wconf 87' lang='lat' dir='ltr'><strong>carminis</strong></span> <span class='ocrx_word' id='word_1_186' title='bbox 901 1352 1084 1390; x_wconf 83' lang='lat' dir='ltr'><strong>excedat?</strong></span> <span class='ocrx_word' id='word_1_187' title='bbox 1117 1351 1371 1399; x_wconf 88' lang='lat' dir='ltr'><strong>Contrarium,</strong></span> <span class='ocrx_word' id='word_1_188' title='bbox 1399 1353 1465 1391; x_wconf 90' lang='lat' dir='ltr'><strong>sed</strong></span> <span class='ocrx_word' id='word_1_189' title='bbox 1491 1353 1529 1390; x_wconf 92' lang='lat' dir='ltr'><strong>in</strong></span> <span class='ocrx_word' id='word_1_190' title='bbox 1557 1352 1686 1390; x_wconf 91' lang='lat' dir='ltr'><strong>eodem</strong></span> 
     </span>
     <span class='ocr_line' id='line_1_20' title="bbox 294 1419 1686 1469; baseline 0 -12"><span class='ocrx_word' id='word_1_191' title='bbox 294 1420 459 1467; x_wconf 86' lang='lat' dir='ltr'><strong>positum</strong></span> <span class='ocrx_word' id='word_1_192' title='bbox 479 1431 619 1468; x_wconf 88' lang='lat' dir='ltr'><strong>genere</strong></span> <span class='ocrx_word' id='word_1_193' title='bbox 637 1424 708 1466; x_wconf 90' lang='lat' dir='ltr'><strong>est,</strong></span> <span class='ocrx_word' id='word_1_194' title='bbox 735 1420 834 1468; x_wconf 91' lang='lat' dir='ltr'><strong>quod</strong></span> <span class='ocrx_word' id='word_1_195' title='bbox 856 1419 1016 1458; x_wconf 87' lang='lat' dir='ltr'><strong>Ovidius</strong></span> <span class='ocrx_word' id='word_1_196' title='bbox 1043 1420 1136 1457; x_wconf 88' lang='lat' dir='ltr'><strong>dicit</strong></span> <span class='ocrx_word' id='word_1_197' title='bbox 1162 1420 1247 1457; x_wconf 91' lang='lat' dir='ltr'><strong>Am.</strong></span> <span class='ocrx_word' id='word_1_198' title='bbox 1270 1420 1340 1469; x_wconf 94' lang='lat' dir='ltr'><strong>III,</strong></span> <span class='ocrx_word' id='word_1_199' title='bbox 1369 1423 1403 1468; x_wconf 93' lang='lat'><strong>1,</strong></span> <span class='ocrx_word' id='word_1_200' title='bbox 1430 1422 1494 1459; x_wconf 85' lang='lat'><strong>16.</strong></span> <span class='ocrx_word' id='word_1_201' title='bbox 1520 1419 1551 1458; x_wconf 95' lang='grc' dir='ltr'><strong>Ο</strong></span> <span class='ocrx_word' id='word_1_202' title='bbox 1574 1431 1686 1468; x_wconf 86' lang='lat' dir='ltr'><strong>argu-</strong></span> 
     </span>
     <span class='ocr_line' id='line_1_21' title="bbox 294 1486 1688 1537; baseline 0 -12"><span class='ocrx_word' id='word_1_203' title='bbox 294 1488 412 1525; x_wconf 91' lang='lat' dir='ltr'><strong>menti</strong></span> <span class='ocrx_word' id='word_1_204' title='bbox 437 1488 539 1525; x_wconf 89' lang='lat' dir='ltr'><strong>lente</strong></span> <span class='ocrx_word' id='word_1_205' title='bbox 559 1492 672 1537; x_wconf 87' lang='lat' dir='ltr'><strong>poeta</strong></span> <span class='ocrx_word' id='word_1_206' title='bbox 693 1488 767 1525; x_wconf 85' lang='lat' dir='ltr'><strong>tui!</strong></span> <span class='ocrx_word' id='word_1_207' title='bbox 789 1509 848 1515; x_wconf 92' lang='lat'><strong>—</strong></span> <span class='ocrx_word' id='word_1_208' title='bbox 867 1486 1149 1525; x_wconf 89' lang='lat' dir='ltr'><strong>Verisimiliora</strong></span> <span class='ocrx_word' id='word_1_209' title='bbox 1176 1487 1222 1525; x_wconf 85' lang='lat' dir='ltr'><strong>de</strong></span> <span class='ocrx_word' id='word_1_210' title='bbox 1249 1487 1378 1525; x_wconf 88' lang='lat' dir='ltr'><strong>verbis</strong></span> <span class='ocrx_word' id='word_1_211' title='bbox 1413 1486 1506 1525; x_wconf 87' lang='lat' dir='ltr'><strong>fata</strong></span> <span class='ocrx_word' id='word_1_212' title='bbox 1537 1487 1688 1526; x_wconf 89' lang='lat' dir='ltr'><strong>dicere</strong></span> 
     </span>
     <span class='ocr_line' id='line_1_22' title="bbox 294 1541 1688 1605; baseline 0 -12"><span class='ocrx_word' id='word_1_213' title='bbox 294 1555 552 1603; x_wconf 83' lang='lat' dir='ltr'><strong>proferuntur.</strong></span> <span class='ocrx_word' id='word_1_214' title='bbox 570 1555 664 1594; x_wconf 90' lang='lat' dir='ltr'><strong>Nam</strong></span> <span class='ocrx_word' id='word_1_215' title='bbox 682 1566 741 1593; x_wconf 86' lang='lat' dir='ltr'><strong>me</strong></span> <span class='ocrx_word' id='word_1_216' title='bbox 764 1555 913 1604; x_wconf 90' lang='lat' dir='ltr'><strong>quidem</strong></span> <span class='ocrx_word' id='word_1_217' title='bbox 939 1559 1072 1603; x_wconf 89' lang='lat' dir='ltr'><strong>aperte</strong></span> <span class='ocrx_word' id='word_1_218' title='bbox 1093 1554 1215 1593; x_wconf 84' lang='lat' dir='ltr'><strong>fateor</strong></span> <span class='ocrx_word' id='word_1_219' title='bbox 1233 1541 1377 1593; x_wconf 83' lang='lat' dir='ltr'><strong>nullum</strong></span> <span class='ocrx_word' id='word_1_220' title='bbox 1397 1555 1613 1605; x_wconf 88' lang='lat' dir='ltr'><strong>repperisse</strong></span> <span class='ocrx_word' id='word_1_221' title='bbox 1632 1555 1688 1593; x_wconf 89' lang='lat' dir='ltr'><strong>lo-</strong></span> 
     </span>
     <span class='ocr_line' id='line_1_23' title="bbox 296 1623 1685 1662; baseline 0 -1"><span class='ocrx_word' id='word_1_222' title='bbox 296 1635 380 1661; x_wconf 86' lang='lat' dir='ltr'><strong>cum</strong></span> <span class='ocrx_word' id='word_1_223' title='bbox 401 1624 466 1662; x_wconf 93' lang='lat' dir='ltr'><strong>ubi</strong></span> <span class='ocrx_word' id='word_1_224' title='bbox 487 1635 532 1661; x_wconf 88' lang='lat' dir='ltr'><strong>ea</strong></span> <span class='ocrx_word' id='word_1_225' title='bbox 551 1624 667 1662; x_wconf 88' lang='lat' dir='ltr'><strong>verba</strong></span> <span class='ocrx_word' id='word_1_226' title='bbox 689 1635 760 1662; x_wconf 91' lang='lat' dir='ltr'><strong>non</strong></span> <span class='ocrx_word' id='word_1_227' title='bbox 782 1623 829 1661; x_wconf 86' lang='lat' dir='ltr'><strong>de</strong></span> <span class='ocrx_word' id='word_1_228' title='bbox 855 1623 1150 1661; x_wconf 88' lang='lat' dir='ltr'><strong>vaticinantibus</strong></span> <span class='ocrx_word' id='word_1_229' title='bbox 1176 1628 1215 1661; x_wconf 90' lang='lat' dir='ltr'><strong>et</strong></span> <span class='ocrx_word' id='word_1_230' title='bbox 1240 1624 1356 1661; x_wconf 89' lang='lat' dir='ltr'><strong>rebus</strong></span> <span class='ocrx_word' id='word_1_231' title='bbox 1381 1625 1552 1662; x_wconf 87' lang='lat' dir='ltr'><strong>venturis</strong></span> <span class='ocrx_word' id='word_1_232' title='bbox 1573 1635 1685 1662; x_wconf 89' lang='lat' dir='ltr'><strong>usur-</strong></span> 
     </span>
     <span class='ocr_line' id='line_1_24' title="bbox 294 1691 1687 1741; baseline 0 -12"><span class='ocrx_word' id='word_1_233' title='bbox 294 1696 490 1739; x_wconf 87' lang='lat' dir='ltr'><strong>parentur,</strong></span> <span class='ocrx_word' id='word_1_234' title='bbox 517 1696 673 1740; x_wconf 90' lang='lat' dir='ltr'><strong>praeter</strong></span> <span class='ocrx_word' id='word_1_235' title='bbox 698 1703 776 1739; x_wconf 87' lang='lat' dir='ltr'><strong>eos,</strong></span> <span class='ocrx_word' id='word_1_236' title='bbox 802 1692 866 1729; x_wconf 87' lang='lat' dir='ltr'><strong>ubi</strong></span> <span class='ocrx_word' id='word_1_237' title='bbox 891 1691 985 1729; x_wconf 88' lang='lat' dir='ltr'><strong>fata</strong></span> <span class='ocrx_word' id='word_1_238' title='bbox 1015 1691 1061 1729; x_wconf 86' lang='lat' dir='ltr'><strong>de</strong></span> <span class='ocrx_word' id='word_1_239' title='bbox 1087 1695 1207 1729; x_wconf 93' lang='lat' dir='ltr'><strong>morte</strong></span> <span class='ocrx_word' id='word_1_240' title='bbox 1235 1695 1361 1730; x_wconf 89' lang='lat' dir='ltr'><strong>essent</strong></span> <span class='ocrx_word' id='word_1_241' title='bbox 1387 1691 1617 1741; x_wconf 81' lang='lat' dir='ltr'><strong>acciplenda,</strong></span> <span class='ocrx_word' id='word_1_242' title='bbox 1643 1696 1687 1730; x_wconf 91' lang='lat' dir='ltr'><strong>ut</strong></span> 
     </span>
     <span class='ocr_line' id='line_1_25' title="bbox 295 1758 1686 1809; baseline 0.001 -12"><span class='ocrx_word' id='word_1_243' title='bbox 295 1758 403 1798; x_wconf 91' lang='lat' dir='ltr'><strong>Ovid.</strong></span> <span class='ocrx_word' id='word_1_244' title='bbox 431 1759 525 1798; x_wconf 91' lang='lat' dir='ltr'><strong>Met.</strong></span> <span class='ocrx_word' id='word_1_245' title='bbox 557 1760 619 1809; x_wconf 88' lang='lat' dir='ltr'><strong>XI,</strong></span> <span class='ocrx_word' id='word_1_246' title='bbox 655 1761 749 1798; x_wconf 87' lang='lat'><strong>667.</strong></span> <span class='ocrx_word' id='word_1_247' title='bbox 778 1758 883 1808; x_wconf 85' lang='lat' dir='ltr'><strong>Ceyx</strong></span> <span class='ocrx_word' id='word_1_248' title='bbox 918 1762 1090 1797; x_wconf 90' lang='lat' dir='ltr'><strong>mortuus</strong></span> <span class='ocrx_word' id='word_1_249' title='bbox 1121 1759 1181 1797; x_wconf 80' lang='lat' dir='ltr'><strong>vel</strong></span> <span class='ocrx_word' id='word_1_250' title='bbox 1213 1759 1349 1808; x_wconf 87' lang='lat' dir='ltr'><strong>Ceycis</strong></span> <span class='ocrx_word' id='word_1_251' title='bbox 1382 1760 1509 1808; x_wconf 89' lang='lat' dir='ltr'><strong>specie</strong></span> <span class='ocrx_word' id='word_1_252' title='bbox 1531 1759 1686 1798; x_wconf 88' lang='lat' dir='ltr'><strong>indutus</strong></span> 
     </span>
     <span class='ocr_line' id='line_1_26' title="bbox 293 1826 1687 1876; baseline 0.001 -12"><span class='ocrx_word' id='word_1_253' title='bbox 293 1827 502 1875; x_wconf 89' lang='lat' dir='ltr'><strong>Morpheus</strong></span> <span class='ocrx_word' id='word_1_254' title='bbox 533 1828 581 1865; x_wconf 90' lang='lat' dir='ltr'><strong>ad</strong></span> <span class='ocrx_word' id='word_1_255' title='bbox 613 1827 859 1875; x_wconf 85' lang='lat' dir='ltr'><strong>Halcyonem,</strong></span> <span class='ocrx_word' id='word_1_256' title='bbox 893 1827 978 1874; x_wconf 86' lang='lat' dir='ltr'><strong>Ipse</strong></span> <span class='ocrx_word' id='word_1_257' title='bbox 1009 1837 1093 1874; x_wconf 86' lang='lat' dir='ltr'><strong>ego,</strong></span> <span class='ocrx_word' id='word_1_258' title='bbox 1127 1827 1262 1875; x_wconf 91' lang='lat' dir='ltr'><strong>inquit,</strong></span> <span class='ocrx_word' id='word_1_259' title='bbox 1294 1826 1373 1864; x_wconf 87' lang='lat' dir='ltr'><strong>fata</strong></span> <span class='ocrx_word' id='word_1_260' title='bbox 1404 1827 1474 1864; x_wconf 92' lang='lat' dir='ltr'><strong>tibi</strong></span> <span class='ocrx_word' id='word_1_261' title='bbox 1505 1839 1687 1876; x_wconf 86' lang='lat' dir='ltr'><strong>praesens</strong></span> 
     </span>
     <span class='ocr_line' id='line_1_27' title="bbox 294 1893 1687 1944; baseline 0.001 -12"><span class='ocrx_word' id='word_1_262' title='bbox 294 1905 378 1933; x_wconf 85' lang='lat' dir='ltr'><strong>mea</strong></span> <span class='ocrx_word' id='word_1_263' title='bbox 399 1894 604 1944; x_wconf 85' lang='lat' dir='ltr'><strong>naufragus</strong></span> <span class='ocrx_word' id='word_1_264' title='bbox 626 1895 710 1934; x_wconf 75' lang='lat' dir='ltr'><strong>edo⁴</strong></span> <span class='ocrx_word' id='word_1_265' title='bbox 736 1893 969 1943; x_wconf 80' lang='lat' dir='ltr'><strong>Quamquam</strong></span> <span class='ocrx_word' id='word_1_266' title='bbox 998 1894 1054 1932; x_wconf 92' lang='lat' dir='ltr'><strong>ita</strong></span> <span class='ocrx_word' id='word_1_267' title='bbox 1079 1905 1152 1932; x_wconf 91' lang='lat' dir='ltr'><strong>non</strong></span> <span class='ocrx_word' id='word_1_268' title='bbox 1183 1894 1304 1943; x_wconf 87' lang='lat' dir='ltr'><strong>ipsum</strong></span> <span class='ocrx_word' id='word_1_269' title='bbox 1346 1894 1495 1933; x_wconf 83' lang='lat' dir='ltr'><strong>dicendi</strong></span> <span class='ocrx_word' id='word_1_270' title='bbox 1530 1895 1687 1934; x_wconf 89' lang='lat' dir='ltr'><strong>verbum</strong></span> 
     </span>
     <span class='ocr_line' id='line_1_28' title="bbox 293 1962 1687 2013; baseline 0.001 -12"><span class='ocrx_word' id='word_1_271' title='bbox 293 1964 359 2001; x_wconf 86' lang='lat' dir='ltr'><strong>sed</strong></span> <span class='ocrx_word' id='word_1_272' title='bbox 380 1975 618 2013; x_wconf 83' lang='lat' dir='ltr'><strong>synonymon</strong></span> <span class='ocrx_word' id='word_1_273' title='bbox 638 1963 854 2001; x_wconf 89' lang='lat' dir='ltr'><strong>adhibetur.</strong></span> <span class='ocrx_word' id='word_1_274' title='bbox 883 1962 960 2000; x_wconf 71' lang='lat' dir='ltr'><strong>Sed</strong></span> <span class='ocrx_word' id='word_1_275' title='bbox 982 1966 1025 2000; x_wconf 89' lang='lat' dir='ltr'><strong>ut</strong></span> <span class='ocrx_word' id='word_1_276' title='bbox 1045 1963 1101 2000; x_wconf 92' lang='lat' dir='ltr'><strong>ita</strong></span> <span class='ocrx_word' id='word_1_277' title='bbox 1122 1963 1185 2010; x_wconf 89' lang='lat' dir='ltr'><strong>sit,</strong></span> <span class='ocrx_word' id='word_1_278' title='bbox 1213 1974 1282 2000; x_wconf 90' lang='lat' dir='ltr'><strong>cur</strong></span> <span class='ocrx_word' id='word_1_279' title='bbox 1307 1967 1428 2001; x_wconf 87' lang='lat' dir='ltr'><strong>totum</strong></span> <span class='ocrx_word' id='word_1_280' title='bbox 1454 1965 1582 2013; x_wconf 86' lang='lat' dir='ltr'><strong>potius</strong></span> <span class='ocrx_word' id='word_1_281' title='bbox 1603 1976 1687 2002; x_wconf 87' lang='lat' dir='ltr'><strong>car-</strong></span> 
     </span>
     <span class='ocr_line' id='line_1_29' title="bbox 293 2026 1688 2080; baseline 0.001 -12"><span class='ocrx_word' id='word_1_282' title='bbox 293 2042 376 2069; x_wconf 90' lang='lat' dir='ltr'><strong>men</strong></span> <span class='ocrx_word' id='word_1_283' title='bbox 393 2031 643 2070; x_wconf 87' lang='lat' dir='ltr'><strong>dissolvamus</strong></span> <span class='ocrx_word' id='word_1_284' title='bbox 663 2042 776 2080; x_wconf 90' lang='lat' dir='ltr'><strong>quam</strong></span> <span class='ocrx_word' id='word_1_285' title='bbox 797 2042 910 2068; x_wconf 88' lang='lat' dir='ltr'><strong>unam</strong></span> <span class='ocrx_word' id='word_1_286' title='bbox 930 2041 1059 2068; x_wconf 88' lang='lat' dir='ltr'><strong>vocem</strong></span> <span class='ocrx_word' id='word_1_287' title='bbox 1078 2026 1333 2080; x_wconf 79' lang='lat' dir='ltr'><strong>emendemus,</strong></span> <span class='ocrx_word' id='word_1_288' title='bbox 1358 2042 1443 2069; x_wconf 88' lang='lat' dir='ltr'><strong>cum</strong></span> <span class='ocrx_word' id='word_1_289' title='bbox 1459 2032 1688 2080; x_wconf 80' lang='lat' dir='ltr'><strong>praesertim</strong></span> 
     </span>
     <span class='ocr_line' id='line_1_30' title="bbox 294 2099 1686 2150; baseline 0.002 -14"><span class='ocrx_word' id='word_1_290' title='bbox 294 2111 338 2137; x_wconf 90' lang='lat' dir='ltr'><strong>ea</strong></span> <span class='ocrx_word' id='word_1_291' title='bbox 357 2101 572 2139; x_wconf 88' lang='lat' dir='ltr'><strong>emendatio</strong></span> <span class='ocrx_word' id='word_1_292' title='bbox 594 2100 794 2139; x_wconf 89' lang='lat' dir='ltr'><strong>admodum</strong></span> <span class='ocrx_word' id='word_1_293' title='bbox 816 2099 991 2148; x_wconf 89' lang='lat' dir='ltr'><strong>proclivis</strong></span> <span class='ocrx_word' id='word_1_294' title='bbox 1012 2100 1087 2138; x_wconf 79' lang='lat' dir='ltr'><strong>sit?</strong></span> <span class='ocrx_word' id='word_1_295' title='bbox 1114 2099 1213 2147; x_wconf 83' lang='lat' dir='ltr'><strong>Quid</strong></span> <span class='ocrx_word' id='word_1_296' title='bbox 1234 2100 1332 2139; x_wconf 91' lang='lat' dir='ltr'><strong>enim</strong></span> <span class='ocrx_word' id='word_1_297' title='bbox 1356 2101 1526 2138; x_wconf 89' lang='lat' dir='ltr'><strong>dicamus</strong></span> <span class='ocrx_word' id='word_1_298' title='bbox 1547 2099 1686 2150; x_wconf 88' lang='lat' dir='ltr'><strong>facere,</strong></span> 
     </span>
     <span class='ocr_line' id='line_1_31' title="bbox 294 2167 1689 2218; baseline 0.001 -13"><span class='ocrx_word' id='word_1_299' title='bbox 294 2169 359 2216; x_wconf 89' lang='lat' dir='ltr'><strong>qui</strong></span> <span class='ocrx_word' id='word_1_300' title='bbox 381 2180 506 2207; x_wconf 87' lang='lat' dir='ltr'><strong>sacra</strong></span> <span class='ocrx_word' id='word_1_301' title='bbox 526 2169 711 2217; x_wconf 88' lang='lat' dir='ltr'><strong>diesque</strong></span> <span class='ocrx_word' id='word_1_302' title='bbox 732 2170 845 2207; x_wconf 90' lang='lat' dir='ltr'><strong>canat</strong></span> <span class='ocrx_word' id='word_1_303' title='bbox 866 2170 906 2205; x_wconf 89' lang='lat' dir='ltr'><strong>et</strong></span> <span class='ocrx_word' id='word_1_304' title='bbox 927 2167 1188 2216; x_wconf 85' lang='lat' dir='ltr'><strong>cognomina</strong></span> <span class='ocrx_word' id='word_1_305' title='bbox 1208 2168 1358 2216; x_wconf 85' lang='lat' dir='ltr'><strong>prisca</strong></span> <span class='ocrx_word' id='word_1_306' title='bbox 1378 2168 1593 2218; x_wconf 90' lang='lat' dir='ltr'><strong>locorum,</strong></span> <span class='ocrx_word' id='word_1_307' title='bbox 1616 2169 1689 2207; x_wconf 90' lang='lat' dir='ltr'><strong>nisi</strong></span> 
     </span>
     <span class='ocr_line' id='line_1_32' title="bbox 292 2235 1686 2287; baseline 0.001 -13"><span class='ocrx_word' id='word_1_308' title='bbox 292 2235 410 2275; x_wconf 90' lang='lat' dir='ltr'><strong>fastos</strong></span> <span class='ocrx_word' id='word_1_309' title='bbox 431 2237 617 2275; x_wconf 81' lang='lat' dir='ltr'><strong>condere?</strong></span> <span class='ocrx_word' id='word_1_310' title='bbox 653 2238 724 2275; x_wconf 85' lang='lat' dir='ltr'><strong>hoc</strong></span> <span class='ocrx_word' id='word_1_311' title='bbox 747 2240 871 2275; x_wconf 88' lang='lat' dir='ltr'><strong>autem</strong></span> <span class='ocrx_word' id='word_1_312' title='bbox 894 2248 967 2285; x_wconf 92' lang='lat' dir='ltr'><strong>quo</strong></span> <span class='ocrx_word' id='word_1_313' title='bbox 988 2236 1139 2274; x_wconf 92' lang='lat' dir='ltr'><strong>nomine</strong></span> <span class='ocrx_word' id='word_1_314' title='bbox 1160 2235 1406 2285; x_wconf 72' lang='lat' dir='ltr'><strong>appellemus,</strong></span> <span class='ocrx_word' id='word_1_315' title='bbox 1441 2238 1547 2285; x_wconf 90' lang='lat' dir='ltr'><strong>quasi</strong></span> <span class='ocrx_word' id='word_1_316' title='bbox 1568 2238 1686 2287; x_wconf 92' lang='lat' dir='ltr'><strong>optio-</strong></span> 
     </span>
     <span class='ocr_line' id='line_1_33' title="bbox 293 2304 1685 2353; baseline 0 -11"><span class='ocrx_word' id='word_1_317' title='bbox 293 2317 378 2343; x_wconf 91' lang='lat' dir='ltr'><strong>nem</strong></span> <span class='ocrx_word' id='word_1_318' title='bbox 402 2305 508 2343; x_wconf 88' lang='lat' dir='ltr'><strong>nobis</strong></span> <span class='ocrx_word' id='word_1_319' title='bbox 528 2305 620 2344; x_wconf 86' lang='lat' dir='ltr'><strong>facit</strong></span> <span class='ocrx_word' id='word_1_320' title='bbox 641 2305 799 2344; x_wconf 89' lang='lat' dir='ltr'><strong>Ovidius</strong></span> <span class='ocrx_word' id='word_1_321' title='bbox 824 2308 860 2344; x_wconf 91' lang='lat' dir='ltr'><strong>in</strong></span> <span class='ocrx_word' id='word_1_322' title='bbox 884 2306 992 2344; x_wconf 90' lang='lat' dir='ltr'><strong>initio</strong></span> <span class='ocrx_word' id='word_1_323' title='bbox 1014 2304 1110 2342; x_wconf 85' lang='lat' dir='ltr'><strong>sexti</strong></span> <span class='ocrx_word' id='word_1_324' title='bbox 1135 2304 1223 2341; x_wconf 89' lang='lat' dir='ltr'><strong>libri</strong></span> <span class='ocrx_word' id='word_1_325' title='bbox 1244 2304 1460 2353; x_wconf 90' lang='lat' dir='ltr'><strong>Fastorum,</strong></span> <span class='ocrx_word' id='word_1_326' title='bbox 1483 2306 1547 2343; x_wconf 90' lang='lat' dir='ltr'><strong>ubi</strong></span> <span class='ocrx_word' id='word_1_327' title='bbox 1569 2306 1615 2342; x_wconf 90' lang='lat' dir='ltr'><strong>de</strong></span> <span class='ocrx_word' id='word_1_328' title='bbox 1636 2305 1685 2342; x_wconf 88' lang='lat' dir='ltr'><strong>si-</strong></span> 
     </span>
     <span class='ocr_line' id='line_1_34' title="bbox 291 2371 1683 2421; baseline -0.001 -10"><span class='ocrx_word' id='word_1_329' title='bbox 291 2373 371 2411; x_wconf 91' lang='lat' dir='ltr'><strong>mili</strong></span> <span class='ocrx_word' id='word_1_330' title='bbox 392 2373 489 2411; x_wconf 88' lang='lat' dir='ltr'><strong>libro</strong></span> <span class='ocrx_word' id='word_1_331' title='bbox 511 2384 564 2411; x_wconf 89' lang='lat' dir='ltr'><strong>vs.</strong></span> <span class='ocrx_word' id='word_1_332' title='bbox 591 2375 626 2412; x_wconf 89' lang='lat'><strong>3.</strong></span> <span class='ocrx_word' id='word_1_333' title='bbox 649 2376 771 2412; x_wconf 87' lang='lat' dir='ltr'><strong>facta</strong></span> <span class='ocrx_word' id='word_1_334' title='bbox 791 2385 955 2421; x_wconf 87' lang='lat' dir='ltr'><strong>canam,</strong></span> <span class='ocrx_word' id='word_1_335' title='bbox 978 2371 1115 2420; x_wconf 91' lang='lat' dir='ltr'><strong>inquit,</strong></span> <span class='ocrx_word' id='word_1_336' title='bbox 1130 2382 1182 2410; x_wconf 87' lang='lat' dir='ltr'><strong>vs.</strong></span> <span class='ocrx_word' id='word_1_337' title='bbox 1199 2373 1237 2411; x_wconf 85' lang='grc'><strong>8.-</strong></span> <span class='ocrx_word' id='word_1_338' title='bbox 1256 2383 1385 2411; x_wconf 88' lang='lat' dir='ltr'><strong>sacra</strong></span> <span class='ocrx_word' id='word_1_339' title='bbox 1405 2384 1524 2420; x_wconf 88' lang='lat' dir='ltr'><strong>cano,</strong></span> <span class='ocrx_word' id='word_1_340' title='bbox 1547 2384 1601 2410; x_wconf 93' lang='lat' dir='ltr'><strong>vs.</strong></span> <span class='ocrx_word' id='word_1_341' title='bbox 1618 2374 1683 2410; x_wconf 88' lang='lat'><strong>24.</strong></span> 
     </span>
     <span class='ocr_line' id='line_1_35' title="bbox 291 2439 1686 2490; baseline -0.001 -11"><span class='ocrx_word' id='word_1_342' title='bbox 291 2441 384 2479; x_wconf 88' lang='lat' dir='ltr'><strong>Cum</strong></span> <span class='ocrx_word' id='word_1_343' title='bbox 406 2441 553 2490; x_wconf 86' lang='lat' dir='ltr'><strong>placuit</strong></span> <span class='ocrx_word' id='word_1_344' title='bbox 579 2442 744 2479; x_wconf 89' lang='lat' dir='ltr'><strong>numeris</strong></span> <span class='ocrx_word' id='word_1_345' title='bbox 772 2442 932 2480; x_wconf 87' lang='lat' dir='ltr'><strong>condere</strong></span> <span class='ocrx_word' id='word_1_346' title='bbox 959 2440 1077 2478; x_wconf 83' lang='lat' dir='ltr'><strong>festa</strong></span> <span class='ocrx_word' id='word_1_347' title='bbox 1101 2440 1190 2478; x_wconf 89' lang='lat' dir='ltr'><strong>tuis.</strong></span> <span class='ocrx_word' id='word_1_348' title='bbox 1223 2439 1281 2478; x_wconf 89' lang='lat' dir='ltr'><strong>Ex</strong></span> <span class='ocrx_word' id='word_1_349' title='bbox 1307 2441 1444 2489; x_wconf 90' lang='lat' dir='ltr'><strong>quibus</strong></span> <span class='ocrx_word' id='word_1_350' title='bbox 1471 2446 1594 2479; x_wconf 90' lang='lat' dir='ltr'><strong>tamen</strong></span> <span class='ocrx_word' id='word_1_351' title='bbox 1617 2441 1686 2478; x_wconf 92' lang='lat' dir='ltr'><strong>mi-</strong></span> 
     </span>
    </p>
   </div>
  </div>
 </body>
</html>
