1862 2676
902 50 1126 88 ..75-

318 162 394 210 gia.
415 175 487 201 non
516 174 627 211 posse
653 164 724 202 nisi
754 164 810 215 ad*
833 164 944 203 ludos
974 165 1271 214 quinquennales
1295 165 1482 214 Actiacos,
1520 165 1585 214 qui
1609 176 1706 204 anno

317 241 353 268 a.
376 230 444 268 Ch.
469 243 504 269 n.
534 234 597 269 16.
621 232 804 270 celebrati
825 232 914 280 sint,
938 233 1221 281 praeparandos
1242 233 1392 282 referri,
1419 234 1508 282 quia
1528 235 1706 272 coniunc-

319 297 386 336 tivi
407 308 540 336 versus
563 300 630 336 71.
654 303 693 337 et
714 300 949 348 sequentium
968 312 977 337 :

435 416 606 454 Candida
626 427 724 454 nunc
746 417 846 454 molli
869 417 1058 455 subeant
1080 418 1249 456 convivia
1270 418 1369 467 luco,

492 484 781 533 Blanditiaeque
803 484 947 523 fluant
967 497 1036 533 per
1055 497 1140 524 mea
1160 486 1256 524 colla
1276 498 1398 535 rosae,

433 551 607 601 Vinaque
628 551 873 590 fundantur
894 553 1033 600 praelis
1055 553 1148 591 elisa
1167 553 1355 600 Falernis,

493 620 642 668 Terque
663 620 783 658 lavet
804 623 954 658 nostras
975 621 1080 668 spica
1101 620 1239 667 Cilissa
1259 632 1387 660 comas
1404 625 1493 660 cett.
1515 642 1572 649 —

319 731 359 765 et
379 725 544 765 futurum
567 738 700 764 versus
724 728 789 765 85.

551 833 612 871 Sic
634 836 784 871 noctem
806 836 953 882 patera,
975 833 1028 871 sic
1050 832 1202 872 ducam
1224 834 1388 872 carmine
1409 856 1464 862 —

317 939 364 977 de
386 940 482 977 actis
504 940 578 977 iam
600 939 699 977 ludis
720 940 841 987 accipi
868 945 1079 988 nequeant:
1107 945 1147 978 at
1172 951 1241 978 nec
1265 940 1545 979 Sicambrorum
1567 952 1610 979 eo
1631 941 1704 979 iam

318 1018 415 1045 anno
441 1007 612 1055 potuisse
638 1006 721 1045 fieri
749 1007 988 1055 mentionem,
1021 1008 1159 1055 quippe
1186 1008 1249 1055 qui
1276 1015 1435 1046 exeunte
1459 1008 1524 1047 illo
1549 1020 1644 1047 anno
1669 1009 1707 1047 in

317 1075 499 1113 ditionem
519 1075 715 1122 venerint3
740 1087 809 1113 nec
829 1075 937 1113 ludos
953 1087 1016 1113 eos
1036 1087 1194 1123 usquam
1211 1076 1250 1112 in
1266 1075 1336 1113 hac
1352 1075 1473 1123 elegia
1489 1077 1704 1115 memorari.

317 1142 465 1182 Deinde
497 1154 647 1181 versum
672 1145 737 1182 11.
760 1146 799 1182 et
821 1144 887 1182 67.
910 1143 1005 1181 adeo
1032 1154 1116 1181 esse
1138 1143 1280 1181 similes
1306 1143 1424 1181 initiis
1449 1144 1508 1182 vel
1529 1145 1708 1183 clausulis

318 1211 497 1248 similium
519 1211 738 1255 carminum,
764 1214 805 1246 ut
825 1211 864 1246 in
893 1210 1016 1246 media
1037 1210 1159 1257 elegia
1179 1210 1299 1247 locum
1320 1222 1394 1247 non
1414 1210 1588 1248 habeant.
1613 1211 1709 1248 Tum

317 1278 504 1317 Philetam
525 1281 564 1317 et
585 1277 872 1326 Callimachum,
895 1277 960 1326 qui
981 1277 1019 1316 in
1039 1277 1160 1316 altero
1182 1277 1342 1317 disticho
1363 1284 1639 1318 memorentur:

436 1393 536 1433 Cera
562 1393 658 1442 (velz
694 1393 810 1443 serta)
835 1393 1047 1463 Pliiletaeis
1078 1397 1201 1433 certet
1225 1394 1323 1445 (velz
1356 1391 1526 1445 certent)⁴
1543 1395 1710 1435 Romana

1363 1464 1567 1512 corymbis,

492 1529 546 1568 Et
567 1529 784 1578 Cyrenaeas
804 1540 900 1567 urna
922 1528 1114 1567 ministret
1134 1540 1263 1579 aquas.
1288 1551 1342 1557 —

320 1638 354 1675 si
384 1637 611 1676 amatorium
644 1636 835 1673 scribatur
866 1647 1031 1682 carmen,
1063 1639 1169 1673 recte
1193 1635 1409 1684 memorari,
1441 1647 1515 1673 non
1540 1636 1644 1685 item,
1676 1637 1709 1675 si

320 1706 472 1755 gravius
493 1709 758 1754 argumentum
779 1707 979 1742 tractetur.
1014 1703 1255 1742 Contrarium
1282 1714 1356 1741 non
1377 1702 1473 1742 effici
1493 1714 1606 1742 versu
1631 1706 1706 1743 69:

463 1816 570 1854 Bella
590 1815 683 1854 satis
706 1814 848 1853 cecini:
880 1814 1065 1853 citharam
1087 1815 1162 1852 iam
1183 1814 1304 1863 poscit
1323 1814 1458 1863 Apollo
1484 1836 1531 1842 —

320 1941 405 1968 cum
433 1940 500 1966 nec
526 1928 625 1966 bella
650 1929 758 1975 prius
783 1930 1000 1979 narrentur,
1032 1926 1098 1985 sed
1123 1927 1237 1965 aedes
1258 1927 1442 1976 Apollinis
1464 1927 1625 1966 Palatini
1647 1940 1708 1967 re-

318 1997 467 2036 feratur
497 1998 566 2046 (vs.
595 1997 660 2034 11.
692 2000 731 2034 et
761 2006 814 2033 VS.
846 1996 912 2033 67.
944 1995 1077 2033 Actius
1107 1994 1194 2033 hinc
1225 1995 1339 2033 traxit
1370 1995 1544 2034 Phoebus
1575 2007 1707 2035 monu-

320 2071 449 2103 menta
469 2065 541 2112 —)
562 2064 842 2112 plurimumque
864 2063 935 2101 loci
957 2063 1142 2111 Apollinis
1163 2063 1288 2101 oratio
1309 2063 1489 2112 obtineat,
1520 2075 1589 2102 nec
1610 2064 1708 2103 bella

320 2134 384 2171 illa
406 2133 538 2171 eadem
560 2131 679 2180 elegia
701 2131 892 2170 celebrata
913 2131 1069 2169 voculae
1091 2131 1175 2169 iam
1198 2136 1236 2169 et
1256 2142 1368 2170 nunc
1396 2131 1473 2169 sint
1492 2131 1631 2170 indicio
1652 2132 1705 2182 (in

320 2213 375 2239 vs.
402 2203 466 2239 69.
490 2205 528 2238 et
551 2202 646 2244 71.).
679 2199 752 2237 Sed
783 2211 830 2236 ne
861 2202 960 2237 vate
991 2202 1029 2237 et
1061 2199 1204 2237 sacris
1237 2199 1406 2247 quidem,
1438 2211 1532 2247 quae
1563 2200 1638 2238 sint
1667 2201 1706 2237 in
1737 2191 1739 2193 ’

320 2281 373 2307 vs.
413 2270 448 2306 1.
481 2267 612 2315 (Sacra
641 2267 733 2305 facit
763 2270 869 2304 vates
890 2267 982 2314 —)‚
1015 2266 1113 2305 effici
1148 2267 1405 2315 contrarium,
1438 2278 1524 2305 cum
1559 2278 1605 2305 ea
1634 2278 1705 2315 per

319 2334 500 2386 εἰρωνείαν
516 2336 714 2383 quamdam
732 2335 846 2372 etiam
868 2334 915 2372 de
937 2334 1076 2373 leviore
1096 2334 1161 2373 illo
1183 2334 1282 2383 quod
1303 2346 1326 2372 a
1346 2346 1458 2373 versu
1481 2336 1546 2373 69.
1567 2346 1702 2383 sequa-

319 2409 383 2443 tur
404 2403 568 2443 carmine
589 2403 749 2452 intelligi
769 2402 925 2451 possint.
947 2402 991 2441 In
1010 2414 1085 2452 qua
1105 2403 1432 2452 argumentatione
1447 2402 1521 2442 hoc
1541 2402 1703 2451 primum
