1862 2676
759 91 815 98 -
849 71 901 109 25
923 61 990 99 ‘-

178 184 306 234 gnari,
328 183 375 224 de
395 184 534 234 quibus
554 189 611 224 est
630 185 698 235 ΙΙΙ,
726 189 790 236 12,
811 197 932 236 neque
954 186 1188 236 argumentis
1209 186 1299 225 ullis
1321 184 1583 224 demonstrari·

179 245 309 302 potest
333 263 403 291 nec
429 252 462 291 si
483 256 612 302 posset
631 257 733 294 esset
751 253 978 294 documento
998 255 1167 294 auctoris
1187 253 1321 303 alieni,
1354 252 1386 291 si
1419 251 1573 304 quidem

179 319 274 359 nihil
302 320 480 370 prohibet
509 321 658 361 eosdem
683 315 765 362 tum
785 322 886 361 veris
908 327 990 365 tum
1009 322 1111 361 fictis
1131 321 1344 361 nominibus
1363 319 1572 370 appellare.

180 379 284 438 Quae
303 394 430 428 autem
451 387 578 429 Ovidii
608 390 720 436 dicat.
739 390 899 440 vestigia
923 394 1079 440 praeter
1100 401 1182 429 eam
1204 401 1302 440 quae
1323 400 1439 428 causa
1459 387 1573 428 simili

181 458 398 497 continetur
428 458 708 498 similitudinem
739 470 807 498 nec
839 458 1035 497 Caruttius
1066 459 1158 498 dicit
1189 469 1310 507 neque
1337 457 1433 496 alius
1460 456 1573 496 facile

181 524 336 562 dixerit.
857 558 865 563 .

269 591 429 640 Reliqua
459 595 519 630 est
546 593 690 642 primae
721 592 866 641 elegiae
896 603 985 641 pars
1011 592 1150 640 altera,
1181 603 1296 649 quam
1327 589 1521 630 Caruttius
1552 602 1574 629 a

179 658 382 708 Propertio
403 659 609 709 abiudicat,
632 660 721 709 quia
741 664 780 698 et
801 663 1026 709 repetantur
1046 660 1230 709 quaedam
1246 670 1292 698 ex
1309 658 1394 697 aliis
1405 658 1571 707 Proper-

147 753 155 761 .
178 727 292 765 tianis
312 726 578 775 Ovidianisque
594 727 823 767 carminibus
839 732 879 767 et
893 727 1073 766 nonnulla
1094 738 1180 765 cum
1200 727 1249 765 iis
1270 730 1452 775 pugnent,
1476 737 1573 774 quae

178 794 242 833 ille
260 795 354 843 alibi
375 801 571 835 memoret.
595 795 648 835 Ut
669 796 768 834 enim
789 795 851 833 hic
874 794 1040 834 dicatur:

296 893 453 931 Aversis
476 892 655 931 Charisin
677 897 820 939 cantas,
842 903 1000 930 aversus
1022 892 1171 940 Apollo:
1191 913 1243 920 —

352 959 485 998 Poscis
506 959 554 998 ab
574 959 692 998 invita
713 959 830 998 verba
849 959 1014 1009 pigenda
1033 960 1117 1009 lyra
1132 972 1203 1008 —;

178 1057 234 1094 ita
256 1056 502 1105 Propertium
523 1056 592 1104 III,
618 1057 656 1105 3,
682 1058 747 1105 17,
772 1058 840 1094 22.
862 1056 1020 1094 dixisse:

296 1153 382 1192 Non
402 1153 463 1191 hic
487 1153 563 1191 ulla
585 1153 656 1192 tibi
678 1154 864 1202 speranda
885 1159 943 1192 est
963 1152 1074 1202 fama,
1098 1154 1275 1202 Properti
1291 1176 1339 1181 -

353 1242 409 1247 —
430 1219 517 1258 Non
538 1224 598 1258 est
618 1220 761 1268 ingenii
781 1220 915 1269 cymba
934 1221 1126 1269 gravanda
1147 1221 1203 1259 tui
1217 1242 1273 1248 —

182 1292 223 1326 at
243 1287 418 1328 Ovidium
438 1287 557 1337 (Fast.
581 1287 644 1336 V):
667 1288 823 1326 Aversis
844 1289 988 1327 utinam
1008 1288 1219 1337 tetigissem
1243 1289 1394 1327 nomina
1414 1289 1553 1337 Musis;

181 1388 224 1423 ut
243 1384 360 1432 Prop.
383 1384 414 1432 Ι,
440 1386 507 1422 22.
530 1388 626 1422 extr.
650 1384 794 1423 dictum
816 1385 883 1423 sit:

298 1480 476 1519 Proxima
495 1481 690 1530 supposito
712 1481 936 1530 contingens
957 1481 1116 1521 Umbria
1138 1493 1270 1532 campo

355 1548 419 1587 Me
440 1549 589 1597 genuit,
611 1549 728 1588 terris
748 1548 887 1588 fertilis
909 1550 1158 1588 uberibus—

182 1614 237 1653 ita
252 1615 332 1653 hic:
355 1615 512 1655 Umbria
533 1621 569 1654 te
589 1617 689 1655 notis
709 1617 867 1665 antiqua
886 1616 1092 1656 Penatibus
1114 1618 1209 1666 edit,

356 1683 545 1722 Mentior?
567 1695 613 1722 an
637 1685 784 1733 patriae
806 1686 975 1733 tangitur
997 1696 1063 1724 ora
1084 1690 1171 1724 tuae
1183 1698 1251 1734 ——3

180 1789 346 1840 itemque
367 1791 449 1831 illa:
474 1791 706 1832 Scandentes
728 1794 760 1833 si
782 1794 863 1843 quis
885 1797 1016 1832 cernat
1037 1793 1083 1832 de
1104 1794 1265 1834 vallibus
1286 1806 1406 1844 arces,

248 1859 404 1908 Ingenio
425 1872 555 1899 muros
576 1862 753 1900 aestimet
773 1862 837 1900 ille
858 1873 940 1900 meo
956 1883 1007 1889 —

179 1966 290 2005 nimis
311 1977 393 2005 esse
414 1967 550 2006 similia
571 1967 767 2011 Ovidianis
789 1969 975 2007 versibus:

295 2063 421 2111 Atque
442 2064 579 2112 aliquis
601 2070 773 2114 spectans
793 2065 931 2114 hospes
952 2064 1140 2103 Sulmonis
1161 2066 1295 2113 aquosi

352 2131 516 2180 Moenia,
539 2144 613 2181 qua
634 2134 756 2182 campi
778 2134 910 2182 iugera
930 2144 1050 2183 pauca
1070 2137 1219 2191 tepent,

295 2197 400 2247 Quae
422 2205 586 2250 tantum,
609 2201 727 2250 dicet,
750 2202 928 2252 potuistis
948 2202 1048 2239 ferre
1069 2205 1239 2249 poetam,

354 2266 694 2319 Quantulacunque
716 2271 826 2319 estis,
849 2282 914 2309 vos
935 2280 1003 2318 ego
1025 2280 1161 2317 magna
1182 2280 1288 2308 voco.

180 2354 254 2395 Sed
294 2356 340 2395 ad
382 2356 667 2397 similitudinem
707 2359 809 2398 illam
841 2359 937 2397 idem
969 2358 1087 2407 valet,
1121 2358 1220 2407 quod
1247 2370 1364 2408 supra
1396 2359 1568 2407 diximus3

178 2425 278 2474 quod
300 2428 426 2464 autem
447 2426 610 2474 patriam
633 2439 739 2466 suam
760 2427 982 2477 Propertius
997 2426 1058 2466 bis
1076 2427 1253 2467 similiter
1269 2428 1424 2476 indicat,
1441 2427 1478 2465 id
1494 2439 1569 2467 non
